@article{bloom1986analysis,
	title={An Analysis of the Selection of Arbitrators},
	author={Bloom, D. and Cavanagh, C.},
	journal={American Economic Review},
	volume={76},
	number={3},
	pages={408--22},
	year={1986},
}

@article{cailloux2022compromising,
  title={Compromising as an equal loss principle},
  author={Cailloux, O. and Napolitano, B. and Sanver, M.R.},
  journal={Review of Economic Design},
  pages={1--14},
  year={2022},
  publisher={Springer}
}


@article{laslier2021solution,
  title={A solution to the two-person implementation problem},
  author={Laslier, J.-F. and N\'u\~nez, M. and Sanver, M.R.},
  journal={Journal of Economic Theory},
  volume={194},
  pages={105261},
  year={2021},
  publisher={Elsevier}
}


@article{thomson1994cooperative,
  title={Cooperative models of bargaining},
  author={Thomson, W.},
  journal={Handbook of game theory with economic applications},
  volume={2},
  pages={1237--1284},
  year={1994},
  publisher={Elsevier}
}
@article{barbera2022compromising,
  title={Compromising on compromise rules},
  author={Barber{\`a}, S. and Coelho, D.},
  journal={The RAND Journal of Economics},
  volume={53},
  number={1},
  pages={95--112},
  year={2022},
  publisher={Wiley Online Library}
}
@article{anbarci1993noncooperative,
  title={Noncooperative foundations of the area monotonic solution},
  author={Anbarci, N.},
  journal={The Quarterly Journal of Economics},
  volume={108},
  number={1},
  pages={245--258},
  year={1993},
  publisher={MIT Press}
}
@article{congar2012characterization,
  title={A characterization of the maximin rule in the context of voting},
  author={Congar, R. and Merlin, V.},
  journal={Theory and Decision},
  volume={72},
  number={1},
  pages={131--147},
  year={2012},
  publisher={Springer}
}
@article{merlin2019compromise,
  title={Compromise rules revisited},
  author={Merlin, V. and {\"O}zkal Sanver, I. and Sanver, M.R.},
  journal={Group Decision and Negotiation},
  volume={28},
  number={1},
  pages={63--78},
  year={2019},
  publisher={Springer}
}

@article{ozkal2004efficiency,
  title={Efficiency in the degree of compromise: A new axiom for social choice},
  author={{\"O}zkal-Sanver, I. and Sanver, M.R.},
  journal={Group Decision and Negotiation},
  volume={13},
  number={4},
  pages={375--380},
  year={2004},
  publisher={Springer}
}

@article{sertel1999majoritarian,
  title={The majoritarian compromise is majoritarian-optimal and subgame-perfect implementable},
  author={Sertel, M.R. and Y{\i}lmaz, B.},
  journal={Social Choice and Welfare},
  volume={16},
  number={4},
  pages={615--627},
  year={1999},
  publisher={Springer}
}

@article{de2012reason,
  title={Reason-based choice: A bargaining rationale for the attraction and compromise effects},
  author={de Clippel, G. and Eliaz, K.},
  journal={Theoretical Economics},
  volume={7},
  number={1},
  pages={125--162},
  year={2012},
  publisher={Wiley Online Library}
}
@article{kalai1975other,
  title={Other solutions to Nash's bargaining problem},
  author={Kalai, E. and Smorodinsky, M.},
  journal={Econometrica},
  pages={513--518},
  year={1975},
  publisher={JSTOR}
}
@article{nagahisa2002axiomatization,
  title={An axiomatization of the Kalai-Smorodinsky solution when the feasible sets can be finite},
  author={Nagahisa, R. and Tanaka, M.},
  journal={Social Choice and Welfare},
  volume={19},
  number={4},
  pages={751--761},
  year={2002},
  publisher={Springer}
}

@book{moulin1983strategy,
	title={The Strategy of Social Choice},
	author={Moulin, H.},
	series={Advanced Textbooks in Economics},
	year={1983},
	publisher={North-Holland}
}
@article{ederer2018gaming,
	title={Gaming and strategic opacity in incentive provision},
	author={Ederer, F. and Holden, R. and Meyer, M.},
	journal={RAND Journal of Economics},
	volume={49},
	number={4},
	pages={819--854},
	year={2018},
	publisher={Wiley Online Library}
}

@article{Barbera2018advantages,
	title={On the advantages and disadvantages of being the first mover under rules of \emph{k} names},
	author={Barber{\`a}, S. and Coelho, D.},
	journal={International Journal of Economic Theory},
	volume={14},
	number={1},
	pages={51--60},
	year={2018},
}

@article{moore1988subgame,
	title={Subgame perfect implementation},
	author={Moore, J. and Repullo, R.},
	journal={Econometrica},
    volume={96},
    number={5},
	pages={1191-1220},
	year={1988},
}

@article{sanver2006nash,
	title={Nash implementing non-monotonic social choice rules by awards},
	author={Sanver, M. R.},
	journal={Economic Theory},
	volume={28},
	number={2},
	pages={453--460},
	year={2006},
}

@article{joseherrero1992implementation,
	title={Implementation via backward induction},
	author={Herrero, M.J. and Srivastava, S.},
	journal={Journal of Economic Theory},
	volume={56},
	number={1},
	pages={70--88},
	year={1992},
	publisher={Elsevier}
}
@incollection{dutta2019recent,
	title={Recent Results on Implementation with Complete Information},
	author={Dutta, B.},
	booktitle={Social Design: Essays in Memory of Leonid Hurwicz},
	year={2019},
	publisher={Springer}
}
@article{mezzetti2012implementation,
	title={Implementation in mixed {N}ash equilibrium},
	author={Mezzetti, C. and Renou, L.},
	journal={Journal of Economic Theory},
	volume={147},
	number={6},
	pages={2357--2375},
	year={2012},
}
@article{schmeidler1989subjective,
	title={Subjective probability and expected utility without additivity},
	author={Schmeidler, D.},
	volume={57},
	number={3},
	journal={Econometrica},
	pages={571--587},
	year={1989},
}

@article{yeh2008efficiency,
	title={An efficiency characterization of plurality rule in collective choice problems},
	author={Yeh, C.-H.},
	journal={Economic Theory},
	volume={34},
	number={3},
	pages={575--583},
	year={2008},
}
@article{bogomolnaia2001new,
	title={A new solution to the random assignment problem},
	author={Bogomolnaia, A. and Moulin, H.},
	journal={Journal of Economic Theory},
	volume={100},
	number={2},
	pages={295--328},
	year={2001},
}
@article{myerson1983efficient,
	title={Efficient mechanisms for bilateral trading},
	author={Myerson, Roger B and Satterthwaite, Mark A},
	journal={Journal of economic theory},
	volume={29},
	number={2},
	pages={265--281},
	year={1983},
	publisher={Elsevier}
}
@article{ozyurt2009general,
	title={A general impossibility result on strategy-proof social choice hyperfunctions},
	author={{\"O}zyurt, S. and Sanver, M. R.},
	journal={Games and Economic Behavior},
	volume={66},
	number={2},
	pages={880--892},
	year={2009},
}

@misc{ben2014game,
	title={Game Theory, Michael Maschler, Eilon Solan, Shmuel Zamir, Cambridge University Press (2013)},
	author={Ben-Porath, Elchanan},
	year={2014},
	publisher={Elsevier}
}

@article{sanver2018implementing,
	title={Implementing {P}areto optimal and individually rational outcomes by veto},
	author={Sanver, M. R.},
	journal={Group Decision and Negotiation},
	volume={27},
	number={2},
	pages={223--233},
	year={2018},
}
@article{kelly1977strategy,
	title={Strategy-proofness and social choice functions without singlevaluedness},
	author={Kelly, J.S},
	journal={Econometrica},
	volume={45},
	number={2},
	pages={439--446},
	year={1977},
}
@article{gardenfors1976manipulation,
	title={Manipulation of social choice functions},
	author={G{\"a}rdenfors, P.},
	journal={Journal of Economic Theory},
	volume={13},
	number={2},
	pages={217--228},
	year={1976},
}
@article{sanver2018implementing,
	title={Implementing Pareto optimal and individually rational outcomes by veto},
	author={Sanver, M.R.},
	journal={Group Decision and Negotiation},
	volume={27},
	number={2},
	pages={223--233},
	year={2018},
}

@article{ozkal2006nash,
	title={Nash implementation via hyperfunctions},
	author={{\"O}zkal-Sanver, I. and Sanver, M.R.},
	journal={Social Choice and Welfare},
	volume={26},
	number={3},
	pages={607--623},
	year={2006},
}

@article{anbarci2006finite,
	title={Finite alternating-move arbitration schemes and the equal area solution},
	author={Anbarci, N.},
	journal={Theory and Decision},
	volume={61},
	number={1},
	pages={21--50},
	year={2006},
}

@article{benoit2008nash,
	title={Nash implementation without no-veto power},
	author={Beno{\^\i}t, J.-P. and Ok, E.A.},
	journal={Games and Economic Behavior},
	volume={64},
	number={1},
	pages={51-67},
	year={2008},
}

@article{bochet2007nash,
	title={Nash implementation with lottery mechanisms},
	author={Bochet, O.},
	journal={Social Choice and Welfare},
	volume={28},
	number={1},
	pages={111--125},
	year={2007},
}
@article{yuval2002sophisticated,
	title={Sophisticated voting under the sequential voting by veto},
	author={Yuval, F.},
	journal={Theory and Decision},
	volume={53},
	number={4},
	pages={343--369},
	year={2002},
	publisher={Springer}
}

@article{yuval2005sophisticated,
	title={Sophisticated behavior under majoritarian and non-majoritarian voting procedures},
	author={Yuval, F. and Herne, K.},
	journal={Political Behavior},
	volume={27},
	number={3},
	pages={217--237},
	year={2005},
}


@article{mueller1978voting,
	title={Voting by veto},
	author={Mueller, D.C.},
	journal={Journal of Public Economics},
	volume={10},
	number={1},
	pages={57--75},
	year={1978},
}

@article{moulin1981prudence,
	title={Prudence versus sophistication in voting strategy},
	author={Moulin, H.},
	journal={Journal of Economic theory},
	volume={24},
	number={3},
	pages={398--412},
	year={1981},
}

@article{felsenthal1992sequential,
	title={Sequential voting by veto: making the {M}ueller-{M}oulin algorithm more versatile},
	author={Felsenthal, S.D. and Machover, M.},
	journal={Theory and Decision},
	volume={33},
	number={3},
	pages={223--240},
	year={1992},
}
@book{bloom1987analysis,
	title={An analysis of alternative mechanisms for selecting arbitrators},
	author={Bloom, D. and Cavanagh, C.},
	number={1224},
	year={1986},
	publisher={Harvard Institute of Economic Research, Harvard University}
}

@Book{Abramo,
  Title                    = {Handbook of Mathematical Tables},
  Author                   = {Abramowitz, M. and Stegun, I.},
  Publisher                = {Dover, New York.},
  Year                     = {1965},
  File                     = {#F#}
}
@article{bernheim1987coalition,
	title={Coalition-proof nash equilibria i. concepts},
	author={Bernheim, B. D. and Peleg, B.and Whinston, M.D.},
	journal={Journal of Economic Theory},
	volume={42},
	number={1},
	pages={1--12},
	year={1987},
}

@article{hurley2002combining,
	title={Combining expert judgment: On the performance of trimmed mean vote aggregation procedures in the presence of strategic voting},
	author={Hurley, WJ and Lior, D.U},
	journal={European Journal of Operational Research},
	volume={140},
	number={1},
	pages={142--147},
	year={2002},
}
@article{yaniv1997weighting,
	title={Weighting and trimming: Heuristics for aggregating judgments under uncertainty},
	author={Yaniv, Ilan},
	journal={Organizational behavior and human decision processes},
	volume={69},
	number={3},
	pages={237--249},
	year={1997},
}
@article{bassett1994rating,
	title={Rating Skating},
	author={Bassett Jr, Gilbert W and Persky, Joseph},
	journal={Journal of the American Statistical Association},
	volume={89},
	number={427},
	pages={1075--1079},
	year={1994},
}

@techreport{yamamura2011coalitional,
	title={On coalitional stability and single peakedness},
	author={Yamamura, H.},
	  Note                   = {mimeo, Kobe University},
	year={2011}
}

@article{bochet2007nash,
	title={Nash implementation with lottery mechanisms},
	author={Bochet, O.},
	journal={Social Choice and Welfare},
	volume={28},
	number={1},
	pages={111--125},
	year={2007},
	publisher={Springer}
}
@article{aumann1959acceptable,
	title={Acceptable points in general cooperative n-person games},
	author={Aumann, R.J.},
	journal={Contributions to the Theory of Games (AM-40)},
	volume={4},
	pages={287--324},
	year={1959}
}


@article{bochet2010virtual,
	title={Virtual {N}ash implementation with admissible support},
	author={Bochet, O. and Maniquet, F.},
	journal={Journal of Mathematical Economics},
	volume={46},
	number={1},
	pages={99--108},
	year={2010},
}
@article{laslier2017reaching,
	title={Reaching consensus through approval bargaining},
	author={Laslier, J.-F. and N\'uñez, M. and Pimienta, C.},
	journal={Games and Economic Behavior},
	volume={104},
	pages={241-251},
	year={2017},
	publisher={Elsevier}
}
@Article{abreusen1991,
  Title                    = {Virtual Implementation in {N}ash Equilibrium},
  Author                   = {Abreu, D. and Sen, A.},
  Journal                  = {Econometrica},
  Year                     = {1991},
  Number                   = {4},
  Pages                    = {997-1021},
  Volume                   = {59}
}

@Article{adachi2014robust,
  Title                    = {Robust and secure implementation: equivalence theorems},
  Author                   = {Adachi, T.},
  Journal                  = {Games and Economic Behavior},
  Year                     = {2014},
  Pages                    = {96--101},
  Volume                   = {86},
  Publisher                = {Elsevier}
}

@Unpublished{AhnOliveros,
  Title                    = {Approval {V}oting and {S}coring {R}ules with {C}ommon {V}alues.},
  Author                   = {Ahn, D. and Oliveros, S.},
  Note                     = {mimeo, University of California, Berkeley},
  Year                     = {2011},
  File                     = {#F#}
}

@Article{AlcVor,
  Title                    = {Size Approval Voting},
  Author                   = {Alcalde-Unzu, J. and Vorsatz, M.},
  Journal                  = {Journal of Economic Theory},
  Year                     = {2009},
  Pages                    = {1187-1210},
  Volume                   = {144},
  File                     = {#F#}
}

@Article{Anbarci2006,
  Title                    = {Finite {A}lternating-{M}ove {A}rbitration {S}chemes and the {E}qual {A}rea {S}olution.},
  Author                   = {Anbarci, N. },
  Journal                  = {Theory and Decision},
  Year                     = {2006},
  Pages                    = {21-50},
  Volume                   = {61},
  File                     = {#F#}
}

@Article{ArriMassoTE2015,
  Title                    = {Comparing generalized median voter schemes according to their manipulability},
  Author                   = {Arribillaga, R.P. and Mass\'o, J.},
  Journal                  = {Theoretical Economics},
  Year                     = {2015},
  Volume                   = {forthcoming},
  File                     = {#F#}
}

@Article{Arrow:JPE1950,
  Title                    = { A difficulty in the concept of social welfare.},
  Author                   = {Arrow, K.J.},
  Journal                  = {Journal of Political Economy},
  Year                     = {1950},
  Pages                    = {328-346},
  Volume                   = {58},
  File                     = {#F#}
}

@Book{Arrow:SCIBOOK,
  Title                    = {Social Choice and Individual Values},
  Author                   = {Arrow, K.J.},
  Publisher                = {New Haven and London. Yale University Press},
  Year                     = {1951},
  File                     = {#F#}
}

@Article{attiyeh2000experiments,
  Title                    = {Experiments with the pivot process for providing public goods},
  Author                   = {Attiyeh, G. and Franciosi, R. and Isaac, R. M.},
  Journal                  = {Public choice},
  Year                     = {2000},
  Number                   = {1-2},
  Pages                    = {93--112},
  Volume                   = {102},
  Publisher                = {Springer}
}

@Book{austen2005positive,
  Title                    = {Positive political theory II: strategy and structure},
  Author                   = {Austen-Smith, D. and Banks, J.},
  Publisher                = {University of Michigan Press},
  Year                     = {2005},
  Volume                   = {2}
}

@Book{AustenBanks1999,
  Title                    = {Positive {P}olitical {T}heory I: {C}ollective {P}reference.},
  Author                   = {Austen-Smith, D. and Banks, J.},
  Publisher                = {Ann Arbor:University of Michigan Press.},
  Year                     = {1999},
  File                     = {#F#}
}

@Article{AustenSmithBanks96,
  Title                    = {Information aggregation, rationality, and the Condorcet jury theorem},
  Author                   = {Austen-Smith, D. and Banks, J.},
  Journal                  = {American Political Science Review },
  Year                     = {1996},
  Pages                    = {34-45},
  Volume                   = {90},
  File                     = {#F#}
}

@Unpublished{Bag,
  Title                    = {Sequential elimination versus Instantaneous Voting},
  Author                   = {Bag, P.K. and Sabourian, H. and Winter, E. },
  Note                     = {mimeo, University of Cambridge},
  Year                     = {2008},
  File                     = {#F#}
}

@Article{BagnoliLipman1989,
  Title                    = {Provision of {P}ublic {G}oods: {F}ully {I}mplementing the {C}ore through {P}rivate {C}ontributions.},
  Author                   = {Bagnoli, M. and Lipman, B.},
  Journal                  = {Review of Econmic Studies},
  Year                     = {1989},
  Pages                    = {583-601},
  Volume                   = {56},
  File                     = {#F#}
}

@Article{Bal,
  Title                    = {A theory of measuring, electing and ranking},
  Author                   = {Balinski, M. and Laraki, R.},
  Journal                  = {Proceedings of the National Academy of Sciences},
  Year                     = {2007},
  Pages                    = {8720-8725},
  Volume                   = {104},
  File                     = {#F#}
}

@Article{Ballester,
  Title                    = {Does {U}ncertainty {L}ead to {S}incerity? {S}imple and {C}omplex {V}oting {M}echanisms},
  Author                   = {Ballester, M.A. and Rey-Biel, P. },
  Journal                  = {Social Choice and Welfare},
  Year                     = {2009},
  Pages                    = {477-494},
  Volume                   = {33},
  File                     = {#F#}
}

@Article{BanksDuggan:APSR2000,
  Title                    = { A Bargaining Model of Collective Choice.},
  Author                   = {Banks, J.S. and Duggan, J.},
  Journal                  = {American Political Science Review},
  Year                     = {2000},
  Pages                    = {73-88},
  Volume                   = {94},
  File                     = {#F#}
}

@Article{Barbera:REST1979,
  Title                    = {Majority and positional voting in a probabilistic framework.},
  Author                   = {Barber{\`a}, S.},
  Journal                  = {Review of Economic Studies},
  Year                     = {1979},
  Pages                    = {389-397},
  Volume                   = {46},
  File                     = {#F#}
}

@Article{barbera1993generalized,
  Title                    = {Generalized median voter schemes and committees},
  Author                   = {Barber{\`a}, S. and Gul, F. and Stacchetti, E.},
  Journal                  = {Journal of Economic Theory},
  Year                     = {1993},
  Number                   = {2},
  Pages                    = {262--289},
  Volume                   = {61},
  Publisher                = {Elsevier}
}

@Article{barbera2001introduction,
  Title                    = {An introduction to strategy-proof social choice functions},
  Author                   = {Barber{\`a}, S.},
  Journal                  = {Social Choice and Welfare},
  Year                     = {2001},
  Number                   = {4},
  Pages                    = {619--653},
  Volume                   = {18},
  Publisher                = {Springer}
}

@Article{BarberaBogolStel:MSS1998,
  Title                    = {Strategy-proof probabilistic rules for expected utility maximizers.},
  Author                   = {Barber{\`a}, S. and Bogomolnaia, A. and van der Stel, H. },
  Journal                  = {Mathematical Social Sciences},
  Year                     = {1998},
  Pages                    = {89-103},
  Volume                   = {35},
  File                     = {#F#}
}


@article{fudenberg2016whither,
	title={Whither game theory? Towards a theory of learning in games},
	author={Fudenberg, D. and Levine, D.K.},
	journal={Journal of Economic Perspectives},
	volume={30},
	number={4},
	pages={151--70},
	year={2016}
}

@article{van1990tacit,
	title={Tacit coordination games, strategic uncertainty, and coordination failure},
	author={Van Huyck, J.B. and Battalio, R.C and Beil, R.O.},
	journal={American Economic Review},
	volume={80},
	number={1},
	pages={234--248},
	year={1990},
}
@Article{BarberaCoelho2010,
  Title                    = {On the rule of \emph{k}-names.},
  Author                   = {Barber{\`a}, S. and Coelho, D.},
  Journal                  = {Games and Economic Behavior},
  Year                     = {2010},
  Pages                    = {44-61},
  Volume                   = {70},
  File                     = {#F#}
}

@article{barbera2017balancing,
	title={Balancing the power to appoint officers},
	author={Barber{\`a}, S. and Coelho, D.},
	journal={Games and Economic Behavior},
	volume={101},
	pages={189-203},
	year={2017},
}
@Article{BarberaDuttaSen:JET2001,
  Title                    = {Strategy-proof social choice correspondences.},
  Author                   = {Barber{\`a}, S. and Dutta, B. and Sen, A. },
  Journal                  = {Journal of Economic Theory},
  Year                     = {2001},
  Pages                    = {374-394},
  Volume                   = {101},
  File                     = {#F#}
}

@Article{BaronFerejohn:APSR1989,
  Title                    = {Bargaining in Legislatures.},
  Author                   = {Baron, D.P. and Ferejohn, J.A.},
  Journal                  = {American Political Science Review},
  Year                     = {1989},
  Pages                    = {1181-1206},
  Volume                   = {83},
  File                     = {#F#}
}

@Book{Bauj,
  Title                    = {Expérimentation du vote par approbation et du vote par note lors des élections présidentielles françaises du 22 avril 2007. Analyses},
  Author                   = {Baujard, A. and Igersheim, H.},
  Publisher                = {Rapports et documents du Centre d'Analyse Stratégique.},
  Year                     = {2007},
  File                     = {#F#}
}

@Unpublished{Bauj2012,
  Title                    = {Compte-rendu de l'expérimentation des votes par approbation et par note lors des élections \textsc{P}résidentielles {F}rançaises le 22 avril 2012 à {S}aint-{E}tienne, {S}trasbourg et {L}ouvigny},
  Author                   = {Baujard, A. and Gavrel, F. and Igersheim, H. and Laslier, J.-F. and Lebon, I.},
  Note                     = {mimeo, GATE},
  Year                     = {2012},
  File                     = {#F#}
}

@InProceedings{Baujard,
  Title                    = {Framed {F}ield {E}xperiments on {A}pproval {V}oting: lessons from the 2002 and 2007 {F}rench {P}residential {E}lections},
  Author                   = {Baujard, A. and Igersheim, H.},
  Booktitle                = {Handbook on Approval Voting},
  Year                     = {2010},
  Editor                   = {Laslier, J.F. and Sanver, R.},
  Publisher                = {Heildelberg: Springer-Verlag},
  File                     = {#F#}
}

@Article{Benoit:JET2002,
  Title                    = {Strategic manipulation in voting games when lotteries and ties are permitted.},
  Author                   = {Benoit, J.-P. },
  Journal                  = {Journal of Economic Theory},
  Year                     = {2002},
  Pages                    = {421-436},
  Volume                   = {102},
  File                     = {#F#}
}

@Article{berga2009strategic,
  Title                    = {Strategic requirements with indifference: single-peaked versus single-plateaued preferences},
  Author                   = {Berga, D. and Moreno, B.},
  Journal                  = {Social Choice and Welfare},
  Year                     = {2009},
  Number                   = {2},
  Pages                    = {275--298},
  Volume                   = {32},
  Publisher                = {Springer}
}

@Article{bergemann2009robust,
  Title                    = {Robust implementation in direct mechanisms},
  Author                   = {Bergemann, D. and Morris, S.},
  Journal                  = {The Review of Economic Studies},
  Year                     = {2009},
  Number                   = {4},
  Pages                    = {1175--1204},
  Volume                   = {76},
  Publisher                = {Oxford University Press}
}

@Article{bermorris2009,
  Title                    = {Robust Virtual Implementation},
  Author                   = {Bergemann, D. and Morris, S.},
  Journal                  = {Theoretical Economics},
  Year                     = {2009},
  Pages                    = {45-88},
  Volume                   = {4}
}

@Article{Bern,
  Title                    = {Electoral competition with privately-informed candidates},
  Author                   = {Bernhardt, D. and Duggan, J. and Squintani, F.},
  Journal                  = {Games and Economic Behavior},
  Year                     = {2007},
  Pages                    = {1-29},
  Volume                   = {58},
  File                     = {#F#}
}

@Article{BernhardtDugganSquintani2007,
  Title                    = {Electoral competition with privately-informed candidates},
  Author                   = {Bernhardt, D. and Duggan, J. and Squintani, F.},
  Journal                  = {Games and Economic Behavior},
  Year                     = {2007},
  Pages                    = {1-29},
  Volume                   = {58},
  File                     = {#F#}
}

@Book{Bessette,
  Title                    = {Deliberative Democracy: The Majority Principle in Republican Government. How Democratic is the Constitution?},
  Author                   = {Bessette, J.},
  Publisher                = {Washington, D.C., AEI Press.},
  Year                     = {1980},
  File                     = {#F#}
}

@Book{Billingsley:PROBBOOK,
  Title                    = {Probability and Measure},
  Author                   = {Billingsley, P.},
  Publisher                = {Wiley},
  Year                     = {1986},
  File                     = {#F#}
}

@Article{black48,
  Title                    = {On the rationale of group-decision making},
  Author                   = {Black, D.},
  Journal                  = {Journal of Political Economy},
  Year                     = {1948},
  Pages                    = {23-34},
  Volume                   = {56}
}

@Article{Blais,
  Title                    = {Direct {P}residential {E}lections: A {W}orld {S}ummary.},
  Author                   = {Blais, A. and Massicotte, L. and Dobrzynska, A.},
  Journal                  = {Electoral Studies},
  Year                     = {1997},
  Pages                    = {441-455},
  Volume                   = {16},
  File                     = {#F#}
}

@Article{BlaisMassicotteDobrzynska1997,
  Title                    = {Direct {P}residential {E}lections: A {W}orld {S}ummary.},
  Author                   = {Blais, A. and Massicotte, L. and Dobrzynska, A.},
  Journal                  = {Electoral Studies},
  Year                     = {1997},
  Pages                    = {441-455},
  Volume                   = {16},
  File                     = {#F#}
}

@Unpublished{BlockNehringPuppe2014,
  Title                    = {Nash Equilibrium and Manipulation in a Mean Rule Experiment},
  Author                   = {Block, V. and Nehring, K. and Puppe, C.},
  Note                     = {Doctoral Dissertation, Karlsruhe Institute of Technology},
  Year                     = {2014},
  File                     = {#F#}
}

@Article{bochet2016preference,
  Title                    = {Preference manipulations lead to the uniform rule},
  Author                   = {Bochet, O. and Sakai, T. and Thomson, W.},
  Journal                  = {Available at SSRN 1220394},
  Year                     = {2008}
}

@Article{border1983straightforward,
  Title                    = {Straightforward elections, unanimity and phantom voters},
  Author                   = {Border, K. C. and Jordan, J. S.},
  Journal                  = {The Review of Economic Studies},
  Year                     = {1983},
  Number                   = {1},
  Pages                    = {153--170},
  Volume                   = {50},
  Publisher                = {Oxford University Press}
}

@Article{Borgers1991,
  Title                    = {Undominated {S}trategies and {C}oordination in {N}ormalform {G}ames.},
  Author                   = {B{\"o}rgers, T. },
  Journal                  = {Social Choice and Welfare},
  Year                     = {1991},
  Pages                    = {65-78},
  Volume                   = {8},
  File                     = {#F#}
}

@Article{BorgersPostl2009,
  Title                    = {Efficient {C}ompromising.},
  Author                   = {B{\"o}rgers, T. and Postl, P.},
  Journal                  = {Journal of Economic Theory},
  Year                     = {2009},
  Pages                    = {2057-2076},
  Volume                   = {144},
  File                     = {#F#}
}

@Article{Bou,
  Title                    = {One {P}erson, {M}any {V}otes: {D}ivided {M}ajority and {I}nformation {A}ggregation},
  Author                   = {Bouton, L. and Castanheira, M.},
  Journal                  = {Econometrica},
  Year                     = {2012},
  Pages                    = {43-87},
  Volume                   = {80},
  File                     = {#F#}
}

@Article{bouton2014una,
  Title                    = {Get Rid of Unanimity: The Superiority of Majority Rules with Veto Power},
  Author                   = {Bouton, L. and Llorente-Saguer, A. and Malherbe, F.},
  Journal                  = {Journal of Political Economy},
  Year                     = {2016},
  Note                     = {forthcoming}
}

@Article{bowen1943interpretation,
  Title                    = {The interpretation of voting in the allocation of economic resources},
  Author                   = {Bowen, H. R.},
  Journal                  = {The Quarterly Journal of Economics},
  Year                     = {1943},
  Pages                    = {27--48},
  Publisher                = {JSTOR}
}

@Article{Bram1,
  Title                    = {Approval voting in multicandidate elections},
  Author                   = {Brams, S.J.},
  Journal                  = {Policy Studies Journal},
  Year                     = {1980},
  Pages                    = {102-108},
  Volume                   = {9},
  File                     = {#F#}
}

@Book{Bram2,
  Title                    = {Approval Voting},
  Author                   = {Brams, S.J. and Fishburn, P.C.},
  Publisher                = {Birkhauser, Boston},
  Year                     = {1983},
  File                     = {#F#}
}

@Article{Bram4,
  Title                    = {Approval {V}oting, {C}ondorcet's {P}rinciple and {R}unoff {E}lections},
  Author                   = {Brams, S.J.},
  Journal                  = {Public Choice},
  Year                     = {1981},
  Pages                    = {89-114},
  Volume                   = {36},
  File                     = {#F#}
}

@Book{Bram5,
  Title                    = {Mathematics and Democracy: Designing Better Voting and Fair-Division Procedures},
  Author                   = {Brams, S.J.},
  Publisher                = {Princeton, NJ: Princeton University Press.},
  Year                     = {2008},
  File                     = {#F#}
}

@Book{Brambook,
  Title                    = {Game Theory and Politics},
  Author                   = {Brams, S.J.},
  Publisher                = {Free Press, New York},
  Year                     = {1975},
  File                     = {#F#}
}

@Article{Brams3,
  Title                    = {Going from theory to practice: the mixed success of Approval Voting},
  Author                   = {Brams, S.J. and Fishburn, P.C.},
  Journal                  = {Social Choice and Welfare},
  Year                     = {2005},
  Pages                    = {457-474},
  Volume                   = {25},
  File                     = {#F#}
}

@Book{BramsFishburn1983,
  Title                    = {Approval Voting},
  Author                   = {Brams, S.J. and Fishburn, P.C.},
  Publisher                = {Birkhauser, Boston},
  Year                     = {1983},
  File                     = {#F#}
}

@Article{BramsFishburn2005,
  Title                    = {Going from theory to practice: the mixed success of Approval Voting},
  Author                   = {Brams, S.J. and Fishburn, P.C.},
  Journal                  = {Social Choice and Welfare},
  Year                     = {2005},
  Pages                    = {457-474},
  Volume                   = {25},
  File                     = {#F#}
}

@Article{BramsKilgour2001,
  Title                    = {Fallback {B}argaining.},
  Author                   = {Brams, S.J. and Kilgour, D.M.},
  Journal                  = {Group Decision and Negotiation},
  Year                     = {2001},
  Pages                    = {287-316},
  Volume                   = {10},
  File                     = {#F#}
}

@InProceedings{BramsSanver:HDBK2009,
  Title                    = {Voting Systems that Combine Approval and Preference.},
  Author                   = {Brams, S. and Sanver, M.R.},
  Booktitle                = {The Mathematics of Preference, Choice and Order},
  Year                     = {2009},
  Editor                   = {Brams, S. and Gehrlein, W.V. and Roberts, F.S.},
  Publisher                = {Heidelberg: Springer-Verlag},
  File                     = {#F#}
}

@Unpublished{BramsSanver2003,
  Title                    = {Voter sovereignty and election outcomes},
  Author                   = {Brams, S. and Sanver, R. },
  Note                     = {mimeo, New York University},
  Year                     = {2003},
  File                     = {#F#}
}

@Article{BramsSanver2006,
  Title                    = {Critical {S}trategies under approval voting: {W}ho gets ruled in and ruled out},
  Author                   = {Brams, S.J. and Sanver, R.},
  Journal                  = {Electoral Studies},
  Year                     = {2006},
  Pages                    = {287-305},
  Volume                   = {25},
  File                     = {#F#}
}

@Article{buchanan1962calculus,
  Title                    = {The Calculus of Consent: Logical Foundations of Constitutional Democracy (Ann Arbor Paperbacks)},
  Author                   = {Buchanan, J.M. and Tullock, G.},
  Year                     = {1962},
  Publisher                = {University of Michigan Press}
}

@Article{BusettoCodognatoSCW2009,
  Title                    = {Reconsidering {T}wo-{A}gent {N}ash {I}mplementation},
  Author                   = {Busetto, J. and Codognato, R.},
  Journal                  = {Social Choice and Welfare},
  Year                     = {2009},
  Pages                    = {171-179},
  Volume                   = {32},
  File                     = {#F#}
}

@Article{CaiRAND2009,
  Title                    = {Costly {P}articipation and {H}eterogeneous {P}references in {I}nformational {C}ommittees},
  Author                   = {Cai, H.},
  Journal                  = {The RAND Journal of Economics},
  Year                     = {2009},
  Pages                    = {173-189},
  Volume                   = {40},
  File                     = {#F#}
}

@Article{Carb,
  Title                    = {Voting over income taxation},
  Author                   = {Carbonell-Nicolau, O. and Ok, E.A.},
  Journal                  = {Journal of Economic Theory},
  Year                     = {2007},
  Pages                    = {249-286},
  Volume                   = {134},
  File                     = {#F#}
}

@Article{Carbonell-NicolauOk2007,
  Title                    = {Voting over income taxation},
  Author                   = {Carbonell-Nicolau, O. and Ok, E.A.},
  Journal                  = {Journal of Economic Theory},
  Year                     = {2007},
  Pages                    = {249-286},
  Volume                   = {134},
  File                     = {#F#}
}

@Article{Casella,
  Title                    = {Storable Votes},
  Author                   = {Casella, A.},
  Journal                  = {Games and Economic Behavior},
  Year                     = {2005},
  Pages                    = {391-419},
  Volume                   = {51},
  File                     = {#F#}
}

@Article{Casta,
  Title                    = {Victory margins and the paradox of voting},
  Author                   = {Castanheira, M.},
  Journal                  = {European Journal of Political Economy},
  Year                     = {2003},
  Pages                    = {817-841},
  Volume                   = {919},
  File                     = {#F#}
}

@Article{ching1994alternative,
  Title                    = {An alternative characterization of the uniform rule},
  Author                   = {Ching, S.},
  Journal                  = {Social Choice and Welfare},
  Year                     = {1994},
  Number                   = {2},
  Pages                    = {131--136},
  Volume                   = {11},
  Publisher                = {Springer}
}

@Article{ching1997strategy,
  Title                    = {Strategy-proofness and median voters},
  Author                   = {Ching, S.},
  Journal                  = {International Journal of Game Theory},
  Year                     = {1997},
  Number                   = {4},
  Pages                    = {473--490},
  Volume                   = {26},
  Publisher                = {Springer}
}


@article{saito2015preferences,
	title={Preferences for flexibility and randomization under uncertainty},
	author={Saito, K.},
	journal={American Economic Review},
	volume={105},
	number={3},
	pages={1246-71},
	year={2015}
}
@incollection{barbera2004ranking,
	title={Ranking sets of objects},
	author={Barber{\`a}, S. and Bossert, W. and Pattanaik, P.K.},
	booktitle={Handbook of utility theory},
	pages={893-977},
	volume={1},
	year={2004},
	publisher={Springer}
}
@Article{Clippel,
  Title                    = {On the Selection of Arbitrators},
  Author                   = {de Clippel, G. and Eliaz, K. and Knight, B.},
  Journal                  = {American Economic Review},
  Year                     = {2014},
  Volume                   = {104},
   Pages                    = {3434-58},
  File                     = {#F#}
}

@Article{Col,
  Title                    = {Electing Popes: Approval Balloting and Qualified-Majority Rule},
  Author                   = {Colomer, J. and McLean, I.},
  Journal                  = {Journal of Interdisciplinary History},
  Year                     = {1998},
  Pages                    = {1-22},
  Volume                   = {29},
  File                     = {#F#}
}

@Article{ConleyWilkie1996,
  Title                    = {An {E}xtension of the {N}ash {B}argaining {S}olution to {N}onconvex {P}roblems},
  Author                   = {Conley, J.P. and Wilkie, S.},
  Journal                  = {Games and Economic Behavior},
  Year                     = {1996},
  Pages                    = {26-38},
  Volume                   = {13},
  File                     = {#F#}
}

@Article{ConleyWilkie2012,
  Title                    = {The {O}rdinal {E}galitarian {B}argaining {S}olution for {F}inite {C}hoice {S}ets},
  Author                   = {Conley, J.P. and Wilkie, S.},
  Journal                  = {Social Choice and Welfare},
  Year                     = {2012},
  Pages                    = {23-42},
  Volume                   = {38},
  File                     = {#F#}
}

@Unpublished{CourtinNun2013,
  Title                    = {Dominance {S}olvable {A}pproval {V}oting {G}ames},
  Author                   = {Courtin, S. and N\'uñez, M. },
  Note                     = {mimeo, THEMA- Université de Cergy-Pontoise},
  Year                     = {2013},
  File                     = {#F#}
}

@Unpublished{CourtinNunez2013,
  Title                    = {A {M}ap of {A}pproval {V}oting {E}quilibria {O}utcomes},
  Author                   = {Courtin, S. and N\'uñez, M. },
  Note                     = {mimeo, University of Cergy-Pontoise},
  Year                     = {2013},
  File                     = {#F#}
}

@Article{Cox,
  Title                    = {Electoral {E}quilibrium under alternative {V}oting {I}nstitutions,},
  Author                   = {Cox, G.W.},
  Journal                  = {American Journal of Political Science},
  Year                     = {1987},
  Pages                    = {82-108},
  Volume                   = {31},
  File                     = {#F#}
}

@Article{Cox2,
  Title                    = {Centripetal and {C}entrifugal {I}ncentives in {E}lectoral {S}ystems},
  Author                   = {Cox, G.W.},
  Journal                  = {American Journal of Political Science},
  Year                     = {1990},
  Pages                    = {903-935},
  Volume                   = {34},
  File                     = {#F#}
}

@Book{Damme1996,
  Title                    = {Stability and {P}erfection of Nash equilibria},
  Author                   = {van Damme, E.},
  Publisher                = {Springer-Verlag},
  Year                     = {1996},
  Edition                  = {2nd},
  File                     = {#F#}
}

@Article{dAs,
  Title                    = {Ordinal Bayesian Incentive Compatible Representation of Committees},
  Author                   = {d'Aspremont, C. and Peleg, B.},
  Journal                  = {Social Choice and Welfare,},
  Year                     = {1988},
  Pages                    = {261-280},
  Volume                   = {5},
  File                     = {#F#}
}

@InProceedings{Dasgevers,
  Title                    = {Social {W}elfare {F}unctionals and {I}nterpersonal {C}omparability},
  Author                   = {d'{A}spremont, C. and Gevers, L.},
  Booktitle                = {Handbook of Social Choice and Welfare},
  Year                     = {2002},
  Editor                   = {Arrow, K.J. and Sen, A.K. and Suzumura, K.},
  Publisher                = {Amsterdam: Elsevier},
  File                     = {#F#}
}

@Article{Dasgupta1979,
  Title                    = {The implementation of social choice rules: Some general results on incentive compatibility},
  Author                   = {Dasgupta, P.S. and Hammond, P.J. and Maskin, E.S.},
  Journal                  = {Review of Economic Studies},
  Year                     = {1979},
  Pages                    = {185-216},
  Volume                   = {46},
  File                     = {#F#}
}

@Article{De2000,
  Title                    = {Majority voting solutions and redistributive taxation},
  Author                   = {De Donder, P.},
  Journal                  = {Social Choice and Welfare},
  Year                     = {2000},
  Pages                    = {601-627},
  Volume                   = {17},
  File                     = {#F#}
}

@Article{DeclippelEliaz2012,
  Title                    = {Reason-based {C}hoice: A {B}argaining {R}ationale for the {A}ttraction and {C}ompromise {E}ffects},
  Author                   = {de Clippel, G. and Eliaz, K.},
  Journal                  = {Theoretical Economics},
  Year                     = {2012},
  Pages                    = {125-162},
  Volume                   = {7},
  File                     = {#F#}
}

@Article{DeDuttaLaslier2006,
  Title                    = {Approval {V}oting: {T}hree {E}xamples},
  Author                   = {De Sinopoli, F. and Dutta, B. and Laslier, J-F.},
  Journal                  = {International Journal of Game Theory},
  Year                     = {2006},
  Pages                    = {27-38},
  Volume                   = {38},
  File                     = {#F#}
}

@Article{dembski1990uniform,
  Title                    = {Uniform probability},
  Author                   = {Dembski, W.A.},
  Journal                  = {Journal of Theoretical Probability},
  Year                     = {1990},
  Number                   = {4},
  Pages                    = {611--626},
  Volume                   = {3},
  Publisher                = {Springer}
}

@Article{DMertens,
  Title                    = {Relative {U}tilitarianism.},
  Author                   = {Dhillon, A. and Mertens, J-F.},
  Journal                  = {Econometrica},
  Year                     = {1999},
  Pages                    = {471-498},
  Volume                   = {67},
  File                     = {#F#}
}

@Article{Dod,
  Title                    = {A method of taking votes on more than two issues},
  Author                   = {Dodgson, C.},
  Journal                  = {Reprinted in Black},
  Year                     = {1958},
  Pages                    = {224-234},
  File                     = {#F#}
}

@Article{Dond,
  Title                    = {Majority voting solutions and redistributive taxation},
  Author                   = {De Donder, P.},
  Journal                  = {Social Choice and Welfare},
  Year                     = {2000},
  Pages                    = {601-627},
  Volume                   = {17},
  File                     = {#F#}
}

@Book{Downs,
  Title                    = {An Economic Theory of Democracy},
  Author                   = {Downs, A.},
  Publisher                = {Harper: New York},
  Year                     = {1957},
  File                     = {#F#}
}

@Book{Downs1957,
  Title                    = {An Economic Theory of Democracy},
  Author                   = {Downs, A.},
  Publisher                = {Harper: New York},
  Year                     = {1957},
  File                     = {#F#}
}

@Article{duggan2000bargaining,
  Title                    = {A bargaining model of collective choice},
  Author                   = {Banks,J. and Duggan, J.},
  Journal                  = {American Political Science Review},
  Year                     = {2000},
  Number                   = {1},
  Pages                    = {73--88},
  Volume                   = {94},
  Publisher                = {Cambridge Univ Press}
}

@InProceedings{DuttaJacksonLeBreton,
  Title                    = {The {B}anks {S}et and the {U}ncovered Set in {B}udget {A}llocation {P}roblems},
  Author                   = {Dutta, B. and Jackson, M. and Le Breton, M.},
  Booktitle                = {Essays in Honour of Jeff Banks,},
  Year                     = {2004},
  Editor                   = {Austen-Smith, D. and Duggan, J.},
  Publisher                = {Heildelberg: Springer-Verlag},
  File                     = {#F#}
}

@Article{DuttaPetersSen:SCWE2007,
  Title                    = {Strategy-proof Cardinal Decision Schemes.},
  Author                   = {Dutta, B. and Peters, H. and Sen, A.},
  Journal                  = {Social Choice and Welfare},
  Year                     = {2007},
  Pages                    = {163-179},
  Volume                   = {28},
  File                     = {#F#}
}

@Article{DuttaSen,
  Title                    = {Nash {I}mplementation with {P}artially {H}onest {I}ndividuals},
  Author                   = {Dutta, B. and Sen, A.},
  Journal                  = {Games and Economic Behavior},
  Year                     = {2012},
  Pages                    = {154-169},
  Volume                   = {74},
  File                     = {#F#}
}

@article{perry1999general,
	title={A general solution to King Solomon's dilemma},
	author={Perry, M. and Reny, P.J.},
	journal={Games and Economic Behavior},
	volume={26},
	number={2},
	pages={279-285},
	year={1999},
	publisher={Academic Press}
}

@Article{DuttaSen91,
  Title                    = {A {N}ecessary and Sufficient Condition for Two-Person {N}ash Implementation},
  Author                   = {Dutta, B. and Sen, A.},
  Journal                  = {Review of Economic Studies},
  Year                     = {1991},
  Pages                    = {121-128},
  Volume                   = {58},
  File                     = {#F#}
}

@Article{EhlersPetersStorcken:GEB2004,
  Title                    = {Threshold strategy-proofness: on manipulability in large voting problems.},
  Author                   = {Ehlers, L. and Peters, H. and Storcken, T.},
  Journal                  = {Games and Economic Behavior},
  Year                     = {2004},
  Pages                    = {103-116},
  Volume                   = {49},
  File                     = {#F#}
}

@Article{EhlersPetersStorcken:JET2002,
  Title                    = {Strategy-proof probabilistic decision schemes for one-dimensional single-peaked preferences.},
  Author                   = {Ehlers, L. and Peters, H. and Storcken, T.},
  Journal                  = {Journal of Economic Theory},
  Year                     = {2002},
  Pages                    = {408-434},
  Volume                   = {105},
  File                     = {#F#}
}

@Unpublished{EliazRubinstein2013,
  Title                    = {On the {F}airness of {R}andom {P}rocedures},
  Author                   = {Eliaz, K. and Rubinstein, A. },
  Note                     = {mimeo, Tel-Aviv University},
  Year                     = {2013},
  File                     = {#F#}
}

@Article{Endriss2012,
  Title                    = {Sincerity and {M}anipulation under {A}pproval {V}oting},
  Author                   = {Endriss, U. },
  Journal                  = {Theory and Decision},
  Year                     = {2013},
  Pages                    = {335-355},
  Volume                   = {74},
  File                     = {#F#}
}

@Article{Evans,
  Title                    = {Sequential Bargaining with Correlated Values},
  Author                   = {Evans, R.},
  Journal                  = {Review of Economic Studies},
  Year                     = {1989},
  Pages                    = {499-510},
  Volume                   = {56},
  File                     = {#F#}
}

@Book{Farq,
  Title                    = {Theory of Voting},
  Author                   = {Farquharson, R.},
  Publisher                = {Yale University Press, New Haven},
  Year                     = {1969},
  File                     = {#F#}
}

@Book{Farquharson1969,
  Title                    = {Theory of Voting},
  Author                   = {Farquharson, R.},
  Publisher                = {Yale University Press, New Haven},
  Year                     = {1969},
  File                     = {#F#}
}

@Article{Feddersen1996,
  Title                    = {The {S}wing {V}oter's {C}urse},
  Author                   = {Feddersen, T. and Pesendorfer, W.},
  Journal                  = {American Economic Review},
  Year                     = {1996},
  Pages                    = {408-424},
  Volume                   = {86},
  File                     = {#F#}
}

@Article{Feddersen1997,
  Title                    = {Voting {B}ehavior and {I}nformation {A}ggregation in {E}lections with {P}rivate {I}nformation},
  Author                   = {Feddersen, T. and Pesendorfer, W.},
  Journal                  = {Econometrica},
  Year                     = {1997},
  Pages                    = {1029-1058},
  Volume                   = {65},
  File                     = {#F#}
}

@Article{Feddersen1998,
  Title                    = {Convicting the {I}nnocent: {T}he {I}nferiority of {U}nanimous {J}ury {V}erdicts under {S}trategic {V}oting},
  Author                   = {Feddersen, T. and Pesendorfer, W.},
  Journal                  = {American Political Science Review},
  Year                     = {1998},
  Pages                    = {22-35},
  Volume                   = {92},
  File                     = {#F#}
}

@Book{FishLas2003,
  Title                    = {Debating Deliberative Democracy},
  Author                   = {Fishkin, J. and Laslett, P.},
  Publisher                = {Wiley-Blackwell.},
  Year                     = {2003},
  File                     = {#F#}
}

@Article{fleurbaey2005news,
  Title                    = {The news of the death of welfare economics is greatly exaggerated},
  Author                   = {Fleurbaey, M. and Mongin, P.},
  Journal                  = {Social Choice and Welfare},
  Year                     = {2005},
  Number                   = {2-3},
  Pages                    = {381-418},
  Volume                   = {25}
}

@Article{GaertnerXu,
  Title                    = {A General {S}coring {R}ule},
  Author                   = {Gaertner, W. and Xu, Y.},
  Journal                  = {Mathematical Social Sciences},
  Year                     = {2012},
  Pages                    = {193-196},
  Volume                   = {6},
  File                     = {#F#}
}

@Article{GerardiMcleanPost2009,
  Title                    = {Aggregation of Expert Opinions},
  Author                   = {Gerardi, D. and McLean, R. and Postlewaite, A.},
  Journal                  = {Games and Economic Behavior},
  Year                     = {2009},
  Pages                    = {339-371},
  Volume                   = {65},
  File                     = {#F#}
}

@Article{GerardiMyerson2007,
  Title                    = {Sequential Equilibria in Bayesian Games with Communication},
  Author                   = {Gerardi, D. and Myerson, R.B.},
  Journal                  = {Games and Economic Behavior},
  Year                     = {2007},
  Pages                    = {104-134},
  Volume                   = {60},
  File                     = {#F#}
}

@Article{Gerb,
  Title                    = {Minority {R}epresentation in {M}ultimember {D}istricts},
  Author                   = {Gerber, E. and Morton, R. and Rietz, T.},
  Journal                  = {American Political Science Review},
  Year                     = {1998},
  Pages                    = {127-144},
  Volume                   = {92},
  File                     = {#F#}
}

@Article{Gershkov2015,
  Title                    = {Optimal Voting Rules.},
  Author                   = {Gershkov, A. and Moldovanu, B. and Shi, X.},
  Journal                  = {Review of Economic Studies},
  Year                     = {2016},
  Volume                   = {forthcoming},
  File                     = {#F#}
}

@TechReport{gershkov2015optimal,
  Title                    = {Optimal voting rules},
  Author                   = {Gershkov, A. and Moldovanu, B. and Shi, X.},
  Institution              = {SFB/TR 15 Discussion Paper},
  Year                     = {2015}
}

@Article{Gibbard:ECTRA1973,
  Title                    = {Manipulation of voting schemes: A general result.},
  Author                   = {Gibbard, A.F.},
  Journal                  = {Econometrica},
  Year                     = {1973},
  Pages                    = {587-601},
  Volume                   = {41},
  File                     = {#F#}
}

@Article{Gibbard:ECTRA1978,
  Title                    = {Straightforwardness of game forms with lotteries as outcomes.},
  Author                   = {Gibbard, A.F.},
  Journal                  = {Econometrica},
  Year                     = {1978},
  Pages                    = {595-614},
  Volume                   = {46},
  File                     = {#F#}
}

@InProceedings{Gira,
  Title                    = {Acclamation {V}oting in {S}parta: An early use of {A}pproval {V}oting},
  Author                   = {Girard, C.},
  Booktitle                = {Handbook on Approval Voting},
  Year                     = {2010},
  Editor                   = {Laslier, J.F. and Sanver, R.},
  Publisher                = {Heildelberg: Springer-Verlag},
  File                     = {#F#}
}

@Article{Goe,
  Title                    = {On the {I}nformational {E}fficiency of {S}imple {S}coring {R}ules},
  Author                   = {Goertz, J. and Maniquet, F. },
  Journal                  = {Journal of Economic Theory},
  Year                     = {2011},
  Pages                    = {1464-1480},
  Volume                   = {146},
  File                     = {#F#}
}

@Article{GoodList2006,
  Title                    = {A {C}onditional {D}efense of {P}lurality {R}ule: {G}eneralizing {M}ay's {T}heorem in a {R}estricted {I}nformational {E}nvironment},
  Author                   = {Goodin, R.E. and List, C.},
  Journal                  = {American Journal of Political Science},
  Year                     = {2006},
  Pages                    = {940-949},
  Volume                   = {50},
  File                     = {#F#}
}


@article{goeree2011experimental,
	title={An experimental study of collective deliberation},
	author={Goeree, J.K. and Yariv, L.},
	journal={Econometrica},
	volume={79},
	number={3},
	pages={893--921},
	year={2011},
}


@article{chan2017deliberating,
	title={Deliberating collective decisions},
	author={Chan, J. and Lizzeri, A. and Suen, W. and Yariv, L.},
	journal={The Review of Economic Studies},
	volume={85},
	number={2},
	pages={929--963},
	year={2017},
}
@Book{Green,
  Title                    = {Pathologies of Rational Choice Theory: A Critique of Applications in Political Science},
  Author                   = {Green, D.P. and Shapiro, I.},
  Publisher                = {Yale University Press.},
  File                     = {#F#}
}

@Book{GreenShapiro,
  Title                    = {Pathologies of Rational Choice Theory: A Critique of Applications in Political Science},
  Author                   = {Green, D.P. and Shapiro, I.},
  Publisher                = {Yale University Press.},
  File                     = {#F#}
}

@Article{GruKielEER2004,
  Title                    = { Collective {D}ecisions with {I}nterdependent {V}aluations},
  Author                   = {Grüner, H. P. and Kiel, A.},
  Journal                  = {European Economic Review},
  Year                     = {2004},
  Pages                    = {1147-1168},
  Volume                   = {48(5)},
  File                     = {#F#}
}

@Book{Guin,
  Title                    = {The Tiranny of the Majority: Fundamental Fairness in Representative Democracy},
  Author                   = {Guinier, L.},
  Publisher                = {Free Press, New York},
  Year                     = {1994},
  File                     = {#F#}
}

@Book{GuttThom1996,
  Title                    = {Democracy and {D}isagreement},
  Author                   = {Gutmann, A. and Thompson, D. },
  Publisher                = {Princeton University Press.},
  Year                     = {1996},
  File                     = {#F#}
}

@Book{GuttThom2002,
  Title                    = {Why Deliberative Democracy? },
  Author                   = {Gutmann, A. and Thompson, D. },
  Publisher                = {Princeton University Press.},
  Year                     = {2002},
  File                     = {#F#}
}

@Article{Habermas1994,
  Title                    = {Three {N}ormative {M}odels of {D}emocracy},
  Author                   = {Habermas, J.},
  Journal                  = {Constellations},
  Year                     = {1994},
  Pages                    = {1-10},
  Volume                   = {1(1)},
  File                     = {#F#}
}

@Article{Habermas1996,
  Title                    = {Between facts and norms, trans. {W}illiam {R}ehg},
  Author                   = {Habermas, J.},
  Journal                  = {Polity, Oxford},
  Year                     = {1996},
  Pages                    = {274-328},
  Volume                   = {1(1)},
  File                     = {#F#}
}

@Book{Hegel2004,
  Title                    = {Hegel's philosophy of right.},
  Author                   = {Hegel, G. W. },
  Publisher                = {Digireads.com Publishing (2004).},
  Year                     = {1821},
  File                     = {#F#}
}

@Unpublished{Hort,
  Title                    = {Qualitative Voting},
  Author                   = {Hortalla-Valve, R. },
  Note                     = {mimeo, London School of Economics},
  Year                     = {2010},
  File                     = {#F#}
}

@Article{HurwiczSchmeidler78,
  Title                    = {Construction of outcome functions Guaranteeing existence and {P}areto optimality of {N}ash equilibria},
  Author                   = {Hurwicz, L. and Schmeidler, D.},
  Journal                  = {Econometrica},
  Year                     = {1978},
  Pages                    = {1447-1474},
  Volume                   = {46},
  File                     = {#F#}
}

@InProceedings{HurwiczSertel1997,
  Title                    = {Designing {M}echanisms, in particular for {E}lectoral {S}ystems: The {M}ajoritarian {C}ompromise},
  Author                   = {Hurwicz, L. and Sertel, M.R.},
  Booktitle                = {Economic Design and Behaviour},
  Year                     = {1999},
  Editor                   = {Murat, R. Sertel},
  Publisher                = {London: MacMillan},
  File                     = {#F#}
}

@Article{Innes1999,
  Title                    = {Consensus building and complex adaptive systems: A framework for evaluating collaborative planning. },
  Author                   = {Innes, J. E. and Booher, D. E.},
  Journal                  = {Journal of the American planning association},
  Year                     = {1999},
  Pages                    = {412-423},
  File                     = {#F#}
}

@Article{Jackson1991,
  Title                    = {Virtual Implementation},
  Author                   = {Jackson, M. },
  Journal                  = {Econometrica},
  Year                     = {1991},
  Pages                    = {461-477},
  Volume                   = {59},
  File                     = {#F#}
}

@article{jackson2007overcoming,
	title={Overcoming Incentive Constraints by Linking Decisions},
	author={Jackson, M.O. and Sonnenschein, H.F.},
	journal={Econometrica},
	volume={75},
	number={1},
	pages={241--257},
	year={2007},
}

@Article{jackson1992,
  Title                    = {Implementation in undominated strategies: A look at bounded mechanisms},
  Author                   = {Jackson, M. O.},
  Journal                  = {The Review of Economic Studies},
  Year                     = {1992},
  Number                   = {4},
  Pages                    = {757--775},
  Volume                   = {59},
  Publisher                = {Oxford University Press}
}

@Article{JacksonSCW2001,
  Title                    = {A {C}rash {C}ourse in {I}mplementation {T}heory},
  Author                   = {Jackson, M.O.},
  Journal                  = {Social Choice and Welfare,},
  Year                     = {2001},
  Pages                    = {655-708},
  Volume                   = {18},
  File                     = {#F#}
}

@Article{kagel1987information,
  Title                    = {Information impact and allocation rules in auctions with affiliated private values: A laboratory study},
  Author                   = {Kagel, J. H. and Harstad, R.M. and Levin, D.},
  Journal                  = {Econometrica},
  Year                     = {1987},
  Pages                    = {1275--1304},
  Publisher                = {JSTOR}
}

@Article{kagel1993independent,
  Title                    = {Independent private value auctions: Bidder behaviour in first-, second-and third-price auctions with varying numbers of bidders},
  Author                   = {Kagel, J. H. and Levin, D.},
  Journal                  = {The Economic Journal},
  Year                     = {1993},
  Number                   = {419},
  Pages                    = {868--879},
  Volume                   = {103},
  Publisher                = {JSTOR}
}

@Article{KalaiSamet,
  Title                    = {Persistent {E}quilibria in {S}trategic {G}ames.},
  Author                   = {Kalai, E. and Samet, D. },
  Journal                  = {International Journal of Game {T}heory},
  Year                     = {1984},
  Pages                    = {129-144},
  Volume                   = {13},
  File                     = {#F#}
}

@Article{Karni,
  Title                    = {Impartiality: {D}efinition and {R}epresentation.},
  Author                   = {Karni, E.},
  Journal                  = {Econometrica},
  Year                     = {1998},
  Pages                    = {1405-1415},
  Volume                   = {66},
  File                     = {#F#}
}

@Article{Kartik2014284,
  Title                    = {Simple mechanisms and preferences for honesty },
  Author                   = {Kartik, N. and Tercieux, O. and Holden, R.},
  Journal                  = {Games and Economic Behavior },
  Year                     = {2014},
  Number                   = {0},
  Pages                    = {284 - 290},
  Volume                   = {83},
  Keywords                 = {Behavioral mechanism design}
}

@Article{KartikTercieux2012,
  Title                    = {Implementation with {E}vidence.},
  Author                   = {Kartik, N. and Tercieux, O.},
  Journal                  = {Theoretical Economics},
  Year                     = {2012},
  Pages                    = {323-355},
  Volume                   = {7},
  File                     = {#F#}
}

@Article{kawagoe2001can,
  Title                    = {Can the pivotal mechanism induce truth-telling? An experimental study},
  Author                   = {Kawagoe, T. and Mori, T.},
  Journal                  = {Public Choice},
  Year                     = {2001},
  Number                   = {3-4},
  Pages                    = {331--354},
  Volume                   = {108},
  Publisher                = {Springer}
}

@Article{KawaiWatanabe2013,
  Title                    = {Inferring {S}trategic {V}oting.},
  Author                   = {Kawai, K. and Watanabe, Y.},
  Journal                  = {American Economic Review},
  Year                     = {2013},
  Pages                    = {624-62},
  Volume                   = {103},
  File                     = {#F#}
}

@Article{KibrisSertel2007,
  Title                    = {Bargaining {O}ver a {F}inite {S}et of {A}lternatives.},
  Author                   = {K{\i}br{\i}s, {\"O}. and Sertel, M.R.},
  Journal                  = {Social Choice and Welfare},
  Year                     = {2007},
  Pages                    = {421-437},
  Volume                   = {28},
  File                     = {#F#}
}

@Article{klaus2013relation,
  Title                    = {The relation between monotonicity and strategy-proofness},
  Author                   = {Klaus, B. and Bochet, O.},
  Journal                  = {Social Choice and Welfare},
  Year                     = {2013},
  Number                   = {1},
  Pages                    = {41--63},
  Volume                   = {40},
  Publisher                = {Springer}
}

@Article{Kojima1985,
  Title                    = {Strongly {S}table {E}quilibrium {P}oints of n-person {N}oncooperative games.},
  Author                   = {Kojima, M. and Okada, A. and Shindoh, S.},
  Journal                  = {Mathematics of Operations Research},
  Year                     = {1985},
  Pages                    = {650-663},
  Volume                   = {10},
  File                     = {#F#}
}

@Article{KolhbergMertens1986,
  Title                    = {On the {S}trategic {S}tability of {E}quilibria},
  Author                   = {Kohlberg, E. and Mertens, J.-F.},
  Journal                  = {Econometrica},
  Year                     = {1986},
  Pages                    = {1003-1038},
  Volume                   = {54},
  File                     = {#F#}
}

@Article{Kolm73,
  Title                    = {Super-equité},
  Author                   = {Kolm, S.},
  Journal                  = {Kyklos},
  Year                     = {1973},
  Pages                    = {841-843},
  Volume                   = {26},
  File                     = {#F#}
}

@Article{koriyamaszentes2009,
  Title                    = {A Resurrection of the Condorcet Jury Theorem},
  Author                   = {Koriyama, Y. and Szentes, B.},
  Journal                  = {Theoretical Economics},
  Year                     = {2009},
  Pages                    = {227-252},
  Volume                   = {4}
}

@Unpublished{Krish,
  Title                    = {On the Benefits of Costly Voting},
  Author                   = {Krishna, V. and Morgan, J. },
  Note                     = {mimeo, Penn State University},
  Year                     = {2008},
  File                     = {#F#}
}

@Article{Kva,
  Title                    = {Contests with limited resources},
  Author                   = {Kvasov, D. },
  Journal                  = {Journal of Economic Theory},
  Year                     = {2007},
  Pages                    = {738-748},
  Volume                   = {136},
  File                     = {#F#}
}

@Article{Kvasov2007,
  Title                    = {Contests with limited resources},
  Author                   = {Kvasov, D. },
  Journal                  = {Journal of Economic Theory},
  Year                     = {2007},
  Pages                    = {738-748},
  Volume                   = {136},
  File                     = {#F#}
}

@Article{Las1,
  Title                    = {Interpretation of electoral mixed strategies},
  Author                   = {Laslier, J.F.},
  Journal                  = {Social Choice and Welfare},
  Year                     = {2000},
  Pages                    = {283-292},
  Volume                   = {17},
  File                     = {#F#}
}

@Article{Las2,
  Title                    = {The Leader Rule: Strategic {A}pproval {V}oting in a {L}arge {E}lectorate},
  Author                   = {Laslier, J.F.},
  Journal                  = {Journal of Theoretical Politics},
  Year                     = {2009},
  Pages                    = {113-136},
  Volume                   = {21},
  File                     = {#F#}
}

@Article{Las3,
  Title                    = {A live experiment on approval voting},
  Author                   = {Laslier, J-F. and Van der Straeten, K. },
  Journal                  = {Experimental Economics},
  Year                     = {2008},
  Pages                    = {97-105},
  Volume                   = {11},
  File                     = {#F#}
}

@Article{Las4,
  Title                    = {Distributive Politics and Electoral Competition},
  Author                   = {Laslier, J-F. and Picard, N. },
  Journal                  = {Journal of Economic Theory},
  Year                     = {2002},
  Pages                    = {106-130},
  Volume                   = {103},
  File                     = {#F#}
}

@Article{Las5,
  Title                    = {Basic game theory},
  Author                   = {Laslier, J.F. and Sanver, R.},
  Journal                  = {Book},
  Year                     = {2010},
  Pages                    = {283-292},
  Volume                   = {17},
  File                     = {#F#}
}

@InProceedings{Las6,
  Title                    = {The {B}asic {A}pproval {V}oting {G}ame},
  Author                   = {Laslier, J.F. and Sanver, R.},
  Booktitle                = {Handbook on Approval Voting},
  Year                     = {2010},
  Editor                   = {Laslier, J.F. and Sanver, R.},
  Publisher                = {Heildelberg: Springer-Verlag},
  File                     = {#F#}
}

@Book{Laslier1997,
  Title                    = {Tournament {S}olutions and {M}ajority {V}oting},
  Author                   = {Laslier, J.F.},
  Publisher                = {Springer Verlag},
  Year                     = {1997},
  File                     = {#F#}
}

@Article{Laslier2000,
  Title                    = {Interpretation of electoral mixed strategies},
  Author                   = {Laslier, J-F.},
  Journal                  = {Social Choice and Welfare},
  Year                     = {2000},
  Pages                    = {283-292},
  Volume                   = {17},
  File                     = {#F#}
}

@Unpublished{LaslierNunezPimienta2015,
  Title                    = {Reaching {C}onsensus through {S}imultaneous {B}argaining.},
  Author                   = {Laslier, J-F. and N\'uñez, M. and Pimienta, C.},
  Note                     = {mimeo, University of New South Wales},
  Year                     = {2015},
  File                     = {#F#}
}

@Unpublished{barberacoelho2019,
	Title                    = {On the {S}election of {C}ompromise {A}rbitrators.},
	Author                   = {Barber{\`a}, S. and Coelho, D.},
	Note                     = {mimeo, UAB},
	Year                     = {2019},
	File                     = {#F#}
}
@Article{LaslierPicard2002,
  Title                    = {Distributive Politics and Electoral Competition},
  Author                   = {Laslier, J-F. and Picard, N. },
  Journal                  = {Journal of Economic Theory},
  Year                     = {2002},
  Pages                    = {106-130},
  Volume                   = {103},
  File                     = {#F#}
}

@Article{LaslierVan2008,
  Title                    = {A live experiment on approval voting},
  Author                   = {Laslier, J-F. and Van der Straeten, K. },
  Journal                  = {Experimental Economics},
  Year                     = {2008},
  Pages                    = {97-105},
  Volume                   = {11},
  File                     = {#F#}
}

@Unpublished{LasNunPim2015,
  Title                    = {Reaching {C}onsensus through {S}imultaneous {B}argaining.},
  Author                   = {Laslier, J-F. and N\'uñez, M. and Pimienta, C.},
  Note                     = {mimeo, University of New South Wales},
  Year                     = {2015},
  File                     = {#F#}
}

@Book{LasSanver:HDBK2010,
  Title                    = {Handbook on Approval Voting},
  Author                   = {Laslier, J.F. and Sanver, R.},
  Publisher                = {Heildelberg: Springer-Verlag},
  Year                     = {2010},
  File                     = {#F#}
}

@Article{LasStraeten,
  Title                    = {Une expérience de vote par assentiment lors de l'élection présidentielle française de 2002},
  Author                   = {Laslier, J-F. and Van der Straeten, K.},
  Journal                  = {Revue française de science politique},
  Year                     = {2004},
  Pages                    = {99-130},
  Volume                   = {54},
  File                     = {#F#}
}

@Article{Lines,
  Title                    = {Approval {V}oting and {S}trategy {A}nalysis: A {V}enetian {E}xample},
  Author                   = {Lines, M.},
  Journal                  = {Theory and Decision},
  Year                     = {1986},
  Pages                    = {155-172},
  Volume                   = {20},
  File                     = {#F#}
}

@Article{List2012,
  Title                    = {Deliberation, {S}ingle-{P}eakedness, and the {P}ossibility of {M}eaningful {D}emocracy: {E}vidence from {D}eliberative {P}olls.},
  Author                   = {List, C. and Luskin, R.C. and Fishkin, J.S and McLean, I.},
  Journal                  = {Journal of Politics},
  Year                     = {2012},
  Pages                    = {80-95},
  Volume                   = {75},
  File                     = {#F#}
}

@Article{Liz,
  Title                    = {The provision of public goods under alternative electoral incentives},
  Author                   = {Lizzeri, A. and Persico, N. },
  Journal                  = {American Economic Review},
  Year                     = {2001},
  Pages                    = {225-239},
  Volume                   = {91},
  File                     = {#F#}
}

@Article{LizzeriPersico2001,
  Title                    = {The provision of public goods under alternative electoral incentives},
  Author                   = {Lizzeri, A. and Persico, N. },
  Journal                  = {American Economic Review},
  Year                     = {2001},
  Pages                    = {225-239},
  Volume                   = {91},
  File                     = {#F#}
}

@Unpublished{LombardiYoshinara2014,
  Title                    = { Partially Honest Nash Implementation: A Full Charcterization },
  Author                   = {Lombardi, M. and Yoshinara, Naoki. },
  Note                     = {mimeo, },
  Year                     = {2013},
  File                     = {#F#}
}

@Article{MacKenzie2008,
  Title                    = {What's in a number?},
  Author                   = {MacKenzie, D.},
  Journal                  = {London Review of Books},
  Year                     = {2008},
  File                     = {#F#},
  URL                      = {http://www.lrb.co.uk/v30/n18/donald-mackenzie/whats- in-a-number}
}

@Article{Madison1788,
  Title                    = {The {F}ederalist {P}apers: No. 51. The {A}valon {P}roject: {D}ocuments in Law, History, and Diplomacy. (accessed March 28, 2011)},
  Author                   = {Madison, H.O.},
  Journal                  = {Federalist},
  Year                     = {1788},
  Volume                   = {51},
  File                     = {#F#}
}

@Article{maggi2003self,
  Title                    = {Self enforcing voting in international organizations},
  Author                   = {Maggi, G. and Morelli, M.},
  Journal                  = {American Economic Review},
  Year                     = {2006},
  Number                   = {4},
  Pages                    = {1137-1158},
  Volume                   = {96},
  Institution              = {National Bureau of Economic Research}
}

@Article{Maj,
  Title                    = {Ordinally Bayesian Incentive Compatible Voting Rules},
  Author                   = {Majumdar, D. and Sen, A.},
  Journal                  = {Econometrica},
  Year                     = {2004},
  Pages                    = {523-540},
  Volume                   = {72},
  File                     = {#F#}
}

@Article{MajumdarSen2004,
  Title                    = {Ordinally Bayesian Incentive Compatible Voting Rules},
  Author                   = {Majumdar, D. and Sen, A.},
  Journal                  = {Econometrica},
  Year                     = {2004},
  Pages                    = {523-540},
  Volume                   = {72},
  File                     = {#F#}
}

@Article{MarchantGravelSen2012,
  Title                    = {Uniform {E}xpected {U}tility {C}riteria for {D}ecision {M}aking under {I}gnorance or {O}bjective {A}mbiguity.},
  Author                   = {Marchant, T. and Gravel, N. and Sen, A.},
  Journal                  = {Journal of Mathematical Psychology},
  Year                     = {2012},
  Pages                    = {297-315},
  Volume                   = {56},
  File                     = {#F#}
}

@Article{MarcheseMontefiori2011,
  Title                    = {Strategy versus sincerity in mean voting},
  Author                   = {Marchese, C. and Montefiori, M.},
  Journal                  = {Journal of Economic Psychology},
  Year                     = {2011},
  Pages                    = {93-102},
  Volume                   = {32},
  File                     = {#F#}
}

@Article{Marhuen,
  Title                    = {Popular support for progressive taxation},
  Author                   = {Marhuenda, F. and Ortuï¿½o Ortï¿½n, I.},
  Journal                  = {Economics Letters},
  Year                     = {1995},
  Pages                    = {319-324},
  Volume                   = {48},
  File                     = {#F#}
}

@Article{Mariotti1998,
  Title                    = {Nash {B}argaining {T}heory when the {N}umber of {A}lternatives can be {F}inite},
  Author                   = {Mariotti, M.},
  Journal                  = {Social Choice and Welfare},
  Year                     = {1998},
  Pages                    = {413-421},
  Volume                   = {15},
  File                     = {#F#}
}

@Article{Maskin99,
  Title                    = {Nash equilibrium and welfare optimality},
  Author                   = {Maskin, E.},
  Journal                  = {Review of Economic Studies},
  Year                     = {1999},
  Pages                    = {23-38},
  Volume                   = {66},
  File                     = {#F#}
}

@Article{MassoBarreda2011,
  Title                    = {On {S}trategy-proofnes and {S}ymmetric {S}ingle-Peakedness},
  Author                   = {Mass\'o, J. and Moreno de Barreda, I.},
  Journal                  = {Games and Economic Behavior},
  Year                     = {2011},
  Pages                    = {467-484},
  Volume                   = {72},
  File                     = {#F#}
}

@Article{Matsushima2008,
  Title                    = {Role of Honesty in Full Implementation},
  Author                   = {Matsushima, H.},
  Journal                  = {Journal of Economic Theory},
  Year                     = {2008},
  Pages                    = {353-359},
  Volume                   = {139},
  File                     = {#F#}
}


@article{matsushima1988new,
	title={A new approach to the implementation problem},
	author={Matsushima, H.},
	journal={Journal of Economic Theory},
	volume={45},
	number={1},
	pages={128--144},
	year={1988},
}

@Article{Matsushima2008161,
  Title                    = {Behavioral aspects of implementation theory },
  Author                   = {Matsushima, H.},
  Journal                  = {Economics Letters },
  Year                     = {2008},
  Number                   = {1},
  Pages                    = {161 - 164},
  Volume                   = {100},
  Keywords                 = {Behavioral economics}
}

@Article{May,
  Title                    = {A {S}et of {I}ndependent {N}ecessary and {S}ufficient {C}onditions for {S}imple {M}ajority {D}ecision},
  Author                   = {May, K.},
  Journal                  = {Econometrica},
  Year                     = {1952},
  Pages                    = {680-684},
  Volume                   = {20},
  File                     = {#F#}
}

@Article{Mckelvey,
  Title                    = {A theory of {V}oting in {L}arge {E}lections},
  Author                   = {McKelvey, R.D. and Patty, J.},
  Journal                  = {Games and Economic Behavior},
  Year                     = {2006},
  Pages                    = {155-180},
  Volume                   = {57},
  File                     = {#F#}
}

@Article{McleanPost2015,
  Title                    = {A dynamic non-direct implementation mechanism for interdependent value problems},
  Author                   = {McLean, R. and Postlewaite, A.},
  Journal                  = {Games and Economic Behavior},
  Year                     = {2015},
  Volume                   = {forthcoming},
  File                     = {#F#}
}

@Article{Mel,
  Title                    = {A rational theory of the size of the government},
  Author                   = {Meltzer,A.H. and Richard, S.F.},
  Journal                  = {Journal of Political Economy},
  Year                     = {1981},
  Pages                    = {914-927},
  Volume                   = {89},
  File                     = {#F#}
}

@Article{MeltzerRichard1981,
  Title                    = {A rational theory of the size of the government},
  Author                   = {Meltzer,A.H. and Richard, S.F.},
  Journal                  = {Journal of Political Economy},
  Year                     = {1981},
  Pages                    = {914-927},
  Volume                   = {89},
  File                     = {#F#}
}

@Article{Merril1979,
  Title                    = {Approval {V}oting: A ''{B}est {B}uy'' {M}ethod for {M}ulticandidate {E}lections?},
  Author                   = {Merill, S. },
  Journal                  = {Mathematics Magazine },
  Year                     = {1979},
  Pages                    = {98-102},
  Volume                   = {52},
  File                     = {#F#}
}

@Article{MerrilNagel1987,
  Title                    = {The {E}ffect of {A}pproval {B}alloting on {S}trategic {V}oting {U}nder {A}lternative {D}ecision {R}ules},
  Author                   = {Merill, S. and Nagel, J.},
  Journal                  = {American Political Science Review},
  Year                     = {1987},
  Pages                    = {509-524},
  Volume                   = {81},
  File                     = {#F#}
}

@Article{Mertens1989,
  Title                    = {Stable {E}quilibria a {R}eformulation. {P}art I: {D}efinition and {B}asic {P}roperties.},
  Author                   = {Mertens, J.-F.},
  Journal                  = {Mathematics of Operations Research},
  Year                     = {1989},
  Pages                    = {575-625},
  Volume                   = {14},
  File                     = {#F#}
}

@Article{mezrenou2012,
  Title                    = {Implementation in Mixed Nash Equilibrium},
  Author                   = {Mezzetti, C. and Renou, L.},
  Journal                  = {Journal of Economic Theory},
  Year                     = {2012},
  Number                   = {6},
  Pages                    = {2357-2375},
  Volume                   = {147}
}

@Article{Milch,
  Title                    = {Random-player games},
  Author                   = {Milchtaich, I.},
  Journal                  = {Games and Economic Behavior},
  Year                     = {2004},
  Pages                    = {353-388},
  Volume                   = {47},
  File                     = {#F#}
}

@Article{Milgrom2009,
  Title                    = {Assignment {M}essages and {E}xchanges},
  Author                   = {Milgrom, P.},
  Journal                  = {American Economic Journal: Microeconomics},
  Year                     = {2009},
  Pages                    = {95-113},
  Volume                   = {1},
  File                     = {#F#}
}

@Article{Milgrom2010,
  Title                    = {Simplified {M}echanisms with an {A}pplication to {S}ponsored-search {A}uctions},
  Author                   = {Milgrom, P.},
  Journal                  = {Games and Economic Behavior},
  Year                     = {2010},
  Pages                    = {62-70},
  Volume                   = {70},
  File                     = {#F#}
}

@Article{Mon,
  Title                    = {Uniform payoff security and Nash equilibrium in compact games},
  Author                   = {Monteiro, P.K. and Page, F. },
  Journal                  = {Journal of Economic Theory},
  Year                     = {2007},
  Pages                    = {566-575},
  Volume                   = {134},
  File                     = {#F#}
}

@Article{MonteiroPage2007,
  Title                    = {Uniform payoff security and Nash equilibrium in compact games},
  Author                   = {Monteiro, P.K. and Page, F. },
  Journal                  = {Journal of Economic Theory},
  Year                     = {2007},
  Pages                    = {566-575},
  Volume                   = {134},
  File                     = {#F#}
}

@Article{MookReich1990,
  Title                    = {Implementation via augmented revelation mechanisms.},
  Author                   = {Mookherjee, D. and Stefan, R.},
  Journal                  = {Review of Economic Studies},
  Year                     = {1990},
  Pages                    = {453-475},
  Volume                   = {57},
  File                     = {#F#}
}

@Article{MooreRepulloECTRA1990,
  Title                    = {Nash implementation: A full characterization},
  Author                   = {Moore, J. and Repullo, R.},
  Journal                  = {Econometrica},
  Year                     = {1990},
  Pages                    = {1083-1099},
  Volume                   = {58},
  File                     = {#F#}
}

@Book{Mouffe2000,
  Title                    = {The democratic paradox.},
  Author                   = {Mouffe, C. },
  Publisher                = {Verso.},
  Year                     = {2000},
  File                     = {#F#}
}

@Article{Moulin1980,
  Title                    = {On {S}trategy-proofness and {S}ingle {P}eakedness},
  Author                   = {Moulin, H.},
  Journal                  = {Public Choice},
  Year                     = {1980},
  Pages                    = {437-455},
  Volume                   = {35},
  File                     = {#F#}
}

@Article{muller1977equivalence,
  Title                    = {The equivalence of strong positive association and strategy-proofness},
  Author                   = {Muller, E. and Satterthwaite, M. A.},
  Journal                  = {Journal of Economic Theory},
  Year                     = {1977},
  Number                   = {2},
  Pages                    = {412--418},
  Volume                   = {14},
  Publisher                = {Elsevier}
}

@Unpublished{Myatt2012,
  Title                    = {A Rational Choice Theory of Voter Turnout},
  Author                   = {Myatt, D.},
  Note                     = {mimeo, London Business School},
  Year                     = {2012},
  File                     = {#F#}
}

@Article{Mye1,
  Title                    = {Refinements of the Nash equilibrium concept},
  Author                   = {Myerson, R.},
  Journal                  = {International Journal of Game Theory},
  Year                     = {1978},
  Pages                    = {133-154},
  Volume                   = {15},
  File                     = {#F#}
}

@Article{Mye1999,
  Title                    = {Theoretical {C}omparisons of {E}lectoral {S}ystems},
  Author                   = {Myerson, R.},
  Journal                  = {European Economic Review},
  Year                     = {1999},
  Pages                    = {671-697},
  Volume                   = {43},
  File                     = {#F#}
}

@Article{Mye2,
  Title                    = {Incentives to cultivate favored minorities under alternative electoral systems},
  Author                   = {Myerson, R.},
  Journal                  = {American Political Science Review},
  Year                     = {1993},
  Pages                    = {856-869},
  Volume                   = {87},
  File                     = {#F#}
}

@Article{Mye3,
  Title                    = {Extended Poisson games and the Condorcet jury theorem},
  Author                   = {Myerson, R.},
  Journal                  = {Games and Economic Behavior},
  Year                     = {1998},
  Pages                    = {111-131},
  Volume                   = {25},
  File                     = {#F#}
}

@Article{Mye4,
  Title                    = {A theory of voting equilibria},
  Author                   = {Myerson, R. and Weber, R.J.},
  Journal                  = {American Political Science Review },
  Year                     = {1993},
  Pages                    = {102-114},
  Volume                   = {87},
  File                     = {#F#}
}

@Article{Mye5,
  Title                    = {Nash Equilibrium and the History of Economic Theory},
  Author                   = {Myerson, R.},
  Journal                  = {Journal of Economic Literature},
  Year                     = {1993},
  Pages                    = {102-114},
  Volume                   = {87},
  File                     = {#F#}
}

@Article{Mye6,
  Title                    = {Large Poisson Games},
  Author                   = {Myerson, R.},
  Journal                  = {Journal of Economic Theory},
  Year                     = {2000},
  Pages                    = {7-45},
  Volume                   = {94},
  File                     = {#F#}
}

@Article{Mye8,
  Title                    = {Population {U}ncertainty and {P}oisson {G}ames},
  Author                   = {Myerson, R.},
  Journal                  = {International Journal of Game Theory},
  Year                     = {1998},
  Pages                    = {375-392},
  Volume                   = {27},
  File                     = {#F#}
}

@Article{Mye95,
  Title                    = {Axiomatic {D}erivation of {S}coring {R}ules without the {O}rdering {A}ssumption.},
  Author                   = {Myerson, R.},
  Journal                  = {Social Choice and Welfare},
  Year                     = {1995},
  Pages                    = {59-74},
  Volume                   = {12},
  File                     = {#F#}
}

@InProceedings{Myerson:Palgrave2008,
  Title                    = {Revelation Principle},
  Author                   = {Myerson, R.},
  Booktitle                = {The New Palgrave Dictionary of Economics},
  Year                     = {2008},
  Editor                   = {Durlauf, S. and Blume, L.},
  Publisher                = {McMillan: London},
  File                     = {#F#}
}

@Article{Myerson1978,
  Title                    = {Refinements of the Nash equilibrium concept},
  Author                   = {Myerson, R.},
  Journal                  = {International Journal of Game Theory},
  Year                     = {1978},
  Pages                    = {133-154},
  Volume                   = {15},
  File                     = {#F#}
}

@Article{Myerson1993,
  Title                    = {Incentives to cultivate favored minorities under alternative electoral systems},
  Author                   = {Myerson, R.},
  Journal                  = {American Political Science Review},
  Year                     = {1993},
  Pages                    = {856-869},
  Volume                   = {87},
  File                     = {#F#}
}

@Article{Myerson1993a,
  Title                    = {Nash Equilibrium and the History of Economic Theory},
  Author                   = {Myerson, R.},
  Journal                  = {Journal of Economic Literature},
  Year                     = {1993},
  Pages                    = {102-114},
  Volume                   = {87},
  File                     = {#F#}
}

@Article{Myerson1995,
  Title                    = {Axiomatic {D}erivation of {S}coring {R}ules without the {O}rdering {A}ssumption},
  Author                   = {Myerson, R.},
  Journal                  = {Social Choice and Welfare},
  Year                     = {1995},
  Pages                    = {59-74},
  Volume                   = {12},
  File                     = {#F#}
}

@Article{Myerson1998,
  Title                    = {Extended {P}oisson {G}ames and the {C}ondorcet {J}ury {T}heorem},
  Author                   = {Myerson, R.},
  Journal                  = {Games and Economic Behavior},
  Year                     = {1998},
  Pages                    = {111-131},
  Volume                   = {25},
  File                     = {#F#}
}

@Article{Myerson2000,
  Title                    = {Large {P}oisson {G}ames},
  Author                   = {Myerson, R.},
  Journal                  = {Journal of Economic Theory},
  Year                     = {2000},
  Pages                    = {7-45},
  Volume                   = {94},
  File                     = {#F#}
}

@Article{Myerson2002,
  Title                    = {Comparison of {S}coring {R}ules in {P}oisson {V}oting {G}ames},
  Author                   = {Myerson, R.},
  Journal                  = {Journal of Economic Theory},
  Year                     = {2002},
  Pages                    = {219-251},
  Volume                   = {103},
  File                     = {#F#}
}

@Article{MyersonWeber1993,
  Title                    = {A {T}heory of {V}oting {E}quilibria},
  Author                   = {Myerson, R. and Weber, R.J.},
  Journal                  = {American Political Science Review },
  Year                     = {1993},
  Pages                    = {102-114},
  Volume                   = {87},
  File                     = {#F#}
}

@Article{NagahashiTanaka20028,
  Title                    = {An {A}xiomatization of the {K}alai-{S}morodinsky {S}olution when the {F}easible {S}ets can be {F}inite},
  Author                   = {Nagahisa, R. and Tanaka, M.},
  Journal                  = {Social Choice and Welfare},
  Year                     = {2002},
  Pages                    = {751-761},
  Volume                   = {19},
  File                     = {#F#}
}

@Article{Nash:ECTRA1953,
  Title                    = {Two-person Cooperative Games.},
  Author                   = {Nash, J.},
  Journal                  = {Econometrica},
  Year                     = {1953},
  Pages                    = {128-140},
  Volume                   = {21},
  File                     = {#F#}
}

@Article{Nash1950,
  Title                    = {The {B}argaining {P}roblem},
  Author                   = {Nash, J.F.},
  Journal                  = {Econometrica},
  Year                     = {1950},
  Pages                    = {155-162},
  Volume                   = {18},
  File                     = {#F#}
}

@Article{NehringPuppe2007,
  Title                    = {The Structure of {S}trategy-proof {S}ocial {C}hoice-{P}art I: {G}eneral characterization and possibility results on median spaces},
  Author                   = {Nehring, K. and Puppe, C.},
  Journal                  = {Journal of Economic Theory,},
  Year                     = {2007},
  Pages                    = {269-305},
  Volume                   = {135},
  File                     = {#F#}
}

@Article{NehringPuppe2007b,
  Title                    = {Efficient and {S}trategy-proof {V}oting {R}ules: A {C}haracterization},
  Author                   = {Nehring, K. and Puppe, C.},
  Journal                  = {Games and Economic Behavior,},
  Year                     = {2007},
  Pages                    = {269-305},
  Volume                   = {135},
  File                     = {#F#}
}

@Article{Nit1,
  Title                    = {The {V}ulnerability of {P}oint-{V}oting {S}chemes to {P}reference {V}ariation and {S}trategic {M}anipulation},
  Author                   = {Nitzan, S.},
  Journal                  = {Public Choice},
  Year                     = {1985},
  Pages                    = {349-370},
  Volume                   = {47},
  File                     = {#F#}
}

@Article{Nit2,
  Title                    = {Ameliorating Majority Decisiveness through Expression of Preference Intensity},
  Author                   = {Nitzan, S. and Baharad, E.},
  Journal                  = {American Political Science Review},
  Year                     = {2002},
  Pages                    = {745-754},
  Volume                   = {96},
  File                     = {#F#}
}

@Article{Nun1,
  Title                    = {Condorcet {C}onsistency of {A}pproval {V}oting: A {C}ounter {E}xample on {L}arge {P}oisson {G}ames},
  Author                   = {N\'uñez, M.},
  Journal                  = {Journal of Theoretical Politics},
  Year                     = {2010},
  Pages                    = {64-84},
  Volume                   = {22},
  File                     = {#F#}
}

@Unpublished{Nun2,
  Title                    = {The {S}trategic {S}incerity of {A}pproval {V}oting},
  Author                   = {N\'uñez, M.},
  Note                     = {THEMA 2010-02 Working papers},
  Year                     = {2010},
  File                     = {#F#}
}

@Article{Nun3,
  Title                    = {Approval {V}oting on {L}arge {E}lection {M}odels},
  Author                   = {N\uñez, M.},
  Journal                  = {Handbook on Approval Voting},
  Year                     = {2010},
  Pages                    = {353-388},
  Volume                   = {47},
  File                     = {#F#}
}

@Article{Nun4,
  Title                    = {Preference {I}ntensity {R}epresentation: {S}trategic {O}verstating in {L}arge {E}lections},
  Author                   = {N\'uñez, M. and Laslier, J.-F.},
  Journal                  = {Social Choice and Welfare},
  Year                     = {2013},
  Pages                    = {forthcoming},
  File                     = {#F#}
}

@Article{Nunez:ECOLET2015,
  Title                    = {Threshold Voting leads to Type-Revelation},
  Author                   = {N\'uñez, M.},
  Journal                  = {Economics Letters},
  Year                     = {2015},
  Pages                    = {211-213},
  Volume                   = {136},
  File                     = {#F#}
}

@InProceedings{Nunez2010,
  Title                    = {Approval {V}oting on {L}arge {E}lection {M}odels},
  Author                   = {N\'uñez, M.},
  Booktitle                = {Handbook on Approval Voting},
  Year                     = {2010},
  Editor                   = {Laslier, J.F. and Sanver, R.},
  Publisher                = {Heildelberg: Springer-Verlag},
  File                     = {#F#}
}

@Article{Nunez2013,
  Title                    = {The {S}trategic {S}incerity of {A}pproval {V}oting.},
  Author                   = {N\'uñez, M. },
  Journal                  = {Economic Theory},
  Year                     = {2014},
  Pages                    = {157-189},
  Volume                   = {56(1)},
  File                     = {#F#}
}

@Article{NunezLaslier:BTA2014,
  Title                    = {Bargaining through approval},
  Author                   = {N\'u\~nez, M. and Laslier, J.-F. },
  Journal                  = {Journal of Mathematical Economics},
  Year                     = {2015},
  Pages                    = {63-73},
  Volume                   = {60},
  File                     = {#F#}
}

@Article{Ortner2015,
  Title                    = {Direct Implementation with Minimally Honest Individuals},
  Author                   = {Ortner, J.},
  Journal                  = {Games and Economic Behavior,},
  Year                     = {2015},
  Volume                   = {forthcoming},
  File                     = {#F#}
}

@InProceedings{Palfrey1989,
  Title                    = {A {M}athematical {P}roof of {D}uverger's {L}aw},
  Author                   = {Palfrey, T.},
  Booktitle                = {Models of Strategic Choice in Politics},
  Year                     = {1989},
  Editor                   = {Ordeshook, P.C.},
  Publisher                = {The University of Michigan Press},
  File                     = {#F#}
}

@Article{PalfreySrivastava1989,
  Title                    = {Implementation with incomplete information in exchange economies},
  Author                   = {Palfrey, T. and Srivastava, S.},
  Journal                  = {Econometrica},
  Year                     = {1989},
  Pages                    = {115-134},
  Volume                   = {57},
  File                     = {#F#}
}

@Article{Pazner77,
  Title                    = {Pitfalls in the {T}heory of {F}airness},
  Author                   = {Pazner, E.},
  Journal                  = {Journal of Economic Theory},
  Year                     = {1977},
  Pages                    = {458-466},
  Volume                   = {14},
  File                     = {#F#}
}

@Article{Perez2011,
  Title                    = {A {N}ote on {T}he {T}ight {S}implification of {M}echanisms},
  Author                   = {Perez-Richet, E.},
  Journal                  = {Economics Letters},
  Year                     = {2011},
  Pages                    = {15-17},
  Volume                   = {110},
  File                     = {#F#}
}

@Article{PetersRoySenStorcken:JME2014,
  Title                    = {Probabilistic strategy-proof rules over single-peaked domains.},
  Author                   = {Peters, H. and Roy, S. and Sen, A. and Storcken, T.},
  Journal                  = {Journal of Mathematical Economics},
  Year                     = {2014},
  Pages                    = {123-127},
  Volume                   = {52},
  File                     = {#F#}
}

@Article{PostlewaiteSchmeidler1986,
  Title                    = {Implementation in Differential Information Economies},
  Author                   = {Postlewaite, A. and Schmeidler, D.},
  Journal                  = {Journal of Economic Theory},
  Year                     = {1986},
  Pages                    = {161-182},
  Volume                   = {8},
  File                     = {#F#}
}

@Article{PostSchmeidler1986,
  Title                    = {Implementation in Differential Information Economies},
  Author                   = {Postlewaite, A. and Schmeidler, D.},
  Journal                  = {Journal of Economic Theory},
  Year                     = {1986},
  Pages                    = {161-182},
  Volume                   = {8},
  File                     = {#F#}
}

@Article{RauserSimonZhaoET2015,
  Title                    = {Rational {E}xaggeration and {C}ounter-exaggeration in {I}nformation {A}ggregation {G}ames},
  Author                   = {Rausser, G. C. and Simon, L. K. and Zhao, J. },
  Journal                  = {Economic Theory},
  Year                     = {2015},
  Pages                    = {109-146},
  Volume                   = {59(1)},
  File                     = {#F#}
}

@Article{RenaultTrannoy2005,
  Title                    = {Protecting {M}inorities through the {A}verage {R}ule},
  Author                   = {Renault, R. and Trannoy, A.},
  Journal                  = {Journal of Public Economic Theory},
  Year                     = {2005},
  Pages                    = {169-199},
  Volume                   = {7},
  File                     = {#F#}
}

@Article{RenaultTrannoy2005a,
  Title                    = {Protecting {M}inorities through the {A}verage {R}ule},
  Author                   = {Renault, R. and Trannoy, A.},
  Journal                  = {Journal of Public Economic Theory},
  Year                     = {2005},
  Pages                    = {169-199},
  Volume                   = {7},
  File                     = {#F#}
}

@Article{Reny,
  Title                    = {On the Existence of Pure and Mixed Strategy Nash Equilibria in Discontinuous Games},
  Author                   = {Reny, P.},
  Journal                  = {Econometrica},
  Year                     = {1999},
  Pages                    = {1029-1056},
  Volume                   = {67},
  File                     = {#F#}
}

@Article{Reny1999,
  Title                    = {On the Existence of Pure and Mixed Strategy Nash Equilibria in Discontinuous Games},
  Author                   = {Reny, P.},
  Journal                  = {Econometrica},
  Year                     = {1999},
  Pages                    = {1029-1056},
  Volume                   = {67},
  File                     = {#F#}
}

@Article{Repullo1985,
  Title                    = {Implementation in dominant strategies under complete and in- complete information},
  Author                   = {Repullo, R.},
  Journal                  = {Review of Economics Studies},
  Year                     = {1985},
  Pages                    = {223-229},
  Volume                   = {52},
  File                     = {#F#}
}

@Article{RiboniRugeMurcia2014,
  Title                    = {Dissent in monetary policy decisions},
  Author                   = {Riboni, A. and Ruge-Murcia, F.},
  Journal                  = {Journal of Monetary Economics},
  Year                     = {2014},
  Pages                    = {137-154},
  Volume                   = {66},
  File                     = {#F#}
}

@Article{Rob75,
  Title                    = {Voting over income tax schedules},
  Author                   = {Roberts, K.W.S.},
  Journal                  = {Journal of Public Economics},
  Year                     = {1977},
  Pages                    = {329-340},
  Volume                   = {8},
  File                     = {#F#}
}

@Article{Robe,
  Title                    = {The Colonel Blotto Game},
  Author                   = {Roberson, P.},
  Journal                  = {Economic Theory},
  Year                     = {2006},
  Pages                    = {1-24},
  Volume                   = {29},
  File                     = {#F#}
}

@Article{Roberson2006,
  Title                    = {The Colonel Blotto Game},
  Author                   = {Roberson, P.},
  Journal                  = {Economic Theory},
  Year                     = {2006},
  Pages                    = {1-24},
  Volume                   = {29},
  File                     = {#F#}
}

@Article{Roberts1977,
  Title                    = {Voting over income tax schedules},
  Author                   = {Roberts, K.W.S.},
  Journal                  = {Journal of Public Economics},
  Year                     = {1977},
  Pages                    = {329-340},
  Volume                   = {8},
  File                     = {#F#}
}

@Book{Rockafellar:SCIBOOK,
  Title                    = {Convex Analysis},
  Author                   = {Rockafellar, R.T.},
  Publisher                = {Princeton University Press},
  Year                     = {1997},
  File                     = {#F#}
}

@Article{Roine,
  Title                    = {The political economics of not paying taxes},
  Author                   = {Roine, J.},
  Journal                  = {Public choice},
  Year                     = {2006},
  Pages                    = {107-134},
  Volume                   = {126},
  File                     = {#F#}
}

@Article{Roine2006,
  Title                    = {The political economics of not paying taxes},
  Author                   = {Roine, J.},
  Journal                  = {Public choice},
  Year                     = {2006},
  Pages                    = {107-134},
  Volume                   = {126},
  File                     = {#F#}
}

@Article{Romer,
  Title                    = {Individual welfare, majority voting, and the properties of a linear income tax},
  Author                   = {Romer, T.},
  Journal                  = {Journal of Public Economics},
  Year                     = {1975},
  Pages                    = {163-185},
  Volume                   = {4},
  File                     = {#F#}
}

@Article{Romer1975,
  Title                    = {Individual welfare, majority voting, and the properties of a linear income tax},
  Author                   = {Romer, T.},
  Journal                  = {Journal of Public Economics},
  Year                     = {1975},
  Pages                    = {163-185},
  Volume                   = {4},
  File                     = {#F#}
}

@Article{RosarJET2015,
  Title                    = {Continuous decisions by a committee: median versus average mechanisms.},
  Author                   = {Rosar, F. },
  Journal                  = {Journal of Economic Theory},
  Year                     = {2015},
  Pages                    = {15-65},
  Volume                   = {159- Part A},
  File                     = {#F#}
}

@Article{Rub,
  Title                    = {Comments on the Interpretation of Game Theory},
  Author                   = {Rubinstein, A.},
  Journal                  = {Econometrica},
  Year                     = {1991},
  Pages                    = {909-924},
  Volume                   = {59},
  File                     = {#F#}
}

@Article{Rubinstein1982,
  Title                    = {Perfect {E}equilibrium in a {B}argaining {M}odel.},
  Author                   = {Rubinstein, A. },
  Journal                  = {Econometrica},
  Year                     = {1982},
  Pages                    = {97-109},
  Volume                   = {50},
  File                     = {#F#}
}

@Book{RubinsteinBargaining,
  Title                    = {Bargaining and {M}arkets},
  Author                   = {Osborne, M. and Rubinstein, A.},
  Publisher                = {Academic Press},
  Year                     = {1990},
  File                     = {#F#}
}

@Book{Saari1994,
  Title                    = {Geometry of Voting},
  Author                   = {Saari, D.G.},
  Publisher                = {Springer-Verlag, New York.},
  Year                     = {1994},
  File                     = {#F#}
}

@Book{Saari2001,
  Title                    = {Chaotic Elections! A Mathematician Looks at Voting},
  Author                   = {Saari, D.},
  Publisher                = {American Mathematical Society, Providence, RI.},
  Year                     = {2001},
  File                     = {#F#}
}

@Article{SaariNew1988,
  Title                    = {The problem of {I}ndeterminacy in {A}pproval, {M}ultiple, and {T}runcated {V}oting {S}ystems},
  Author                   = {Saari, D.G. and Van Newenhizen, J.},
  Journal                  = {Public Choice},
  Year                     = {1988},
  Pages                    = {101-120},
  Volume                   = {59},
  File                     = {#F#}
}

@Article{Saijo1996,
  Title                    = {Toward Natural Implementation.},
  Author                   = {Saijo, T. and Yoshikatsu, T. and Takehiko, Y.},
  Journal                  = {International Economic Review},
  Year                     = {1996},
  Pages                    = {949-980},
  Volume                   = {37},
  File                     = {#F#}
}

@InProceedings{Sanver:HDBK2010,
  Title                    = {Approval as an intrinsic part of preference.},
  Author                   = {Sanver, M.R.},
  Booktitle                = {Handbook of Approval Voting},
  Year                     = {2010},
  Editor                   = {Sanver, M.R. and Laslier, J.F.},
  Publisher                = {Heidelberg: Springer-Verlag},
  File                     = {#F#}
}

@Article{Saporiti2009,
  Title                    = { {S}trategy-proofness and {S}ingle-{C}rossing},
  Author                   = {Saporiti, A.},
  Journal                  = {Theoretical Economics},
  Year                     = {2009},
  Pages                    = {127-163},
  Volume                   = {4},
  File                     = {#F#}
}

@Article{Saporiti2014,
  Title                    = { {S}ecurely implementable social choice rules with partially honest agents},
  Author                   = {Saporiti, A.},
  Journal                  = {Journal of Economic Theory},
  Year                     = {2014},
  Pages                    = {216-228},
  Volume                   = {154},
  File                     = {#F#}
}

@Article{Satterthwaite:JET1975,
  Title                    = {Strategy-proofness and Arrow's conditions: Existence and correspondence theorems for voting procedures and social welfare functions.},
  Author                   = {Satterthwaite, M.A.},
  Journal                  = {Journal of Economic Theory},
  Year                     = {1975},
  Pages                    = {187-218},
  Volume                   = {10},
  File                     = {#F#}
}

@Article{Saw,
  Title                    = {{G}ame {T}heory and {C}umulative {V}oting in {I}llinois: 1902-1954},
  Author                   = {Sawyer, J. and MacRae, D.},
  Journal                  = {American Political Science Review},
  Year                     = {1962},
  Pages                    = {936-946},
  Volume                   = {56},
  File                     = {#F#}
}

@Book{Schel,
  Title                    = {The strategy of conflict},
  Author                   = {Schelling, T.C.},
  Publisher                = {Harvard, Cambrige University Press},
  Year                     = {1960},
  File                     = {#F#}
}

@Book{Schelling1960,
  Title                    = {The strategy of conflict},
  Author                   = {Schelling, T.C.},
  Publisher                = {Harvard, Cambrige University Press},
  Year                     = {1960},
  File                     = {#F#}
}

@Article{Segal,
  Title                    = {Let's {A}gree that {A}ll {D}ictatorships are {E}qually {B}ad.},
  Author                   = {Segal, U.},
  Journal                  = {Journal of Political Economy},
  Year                     = {2000},
  Pages                    = {569-589},
  Volume                   = {108},
  File                     = {#F#}
}

@Article{Selt,
  Title                    = {A reexamination of the perfectness concept for equilibrium points in extensive games},
  Author                   = {Selten, R.},
  Journal                  = {International Journal of Game Theory},
  Year                     = {1975},
  Pages                    = {25-55},
  Volume                   = {4},
  File                     = {#F#}
}

@Article{Selten1975,
  Title                    = {A {R}eexamination of the {P}erfectness {C}oncept for {E}quilibrium {P}oints in {E}xtensive {G}ames},
  Author                   = {Selten, R.},
  Journal                  = {International Journal of Game Theory},
  Year                     = {1975},
  Pages                    = {25-55},
  Volume                   = {4},
  File                     = {#F#}
}

@InProceedings{Serrano:Palgrave2008,
  Title                    = {Bargaining},
  Author                   = {Serrano, R.},
  Booktitle                = {The New Palgrave Dictionary of Economics},
  Year                     = {2008},
  Editor                   = {Durlauf, S. and Blume, L.},
  Publisher                = {McMillan: London},
  File                     = {#F#}
}

@Article{Sinop,
  Title                    = {Approval voting: three examples},
  Author                   = {De Sinopoli, F. and Dutta, B. and Laslier, J-F.},
  Journal                  = {International Journal of Game Theory},
  Year                     = {2006},
  Pages                    = {27-38},
  Volume                   = {38},
  File                     = {#F#}
}

@Article{Sinop2,
  Title                    = {Undominated (and) perfect equilibria in Poisson games},
  Author                   = {De Sinopoli, F. and Gonzalez Pimienta, C.},
  Journal                  = {Games and Economic Behaviour},
  Year                     = {2009},
  Pages                    = {775-784},
  Volume                   = {66},
  File                     = {#F#}
}

@Article{Sinop3,
  Title                    = {Sophisticated {V}ote and {E}quilibrium {R}efinements under {P}lurality {R}ule},
  Author                   = {De Sinopoli, F. },
  Journal                  = {Social Choice and Welfare},
  Year                     = {2000},
  Pages                    = {655-672},
  Volume                   = {17},
  File                     = {#F#}
}

@Article{Sinopoli5,
  Title                    = {Counterexamples on the {S}uperiority of {A}pproval vs {P}lurality.},
  Author                   = {De Sinopoli, F. and Iannantuoni, G. and Pimienta, C. },
  Journal                  = {Journal of Public Economic Theory. },
  Year                     = {2013},
  Volume                   = {forthcoming},
  File                     = {#F#}
}

@Article{Sjostrom2006,
  Title                    = {Secure Implementation Experiments: Do Strategy-proof Mechanisms Really Work?},
  Author                   = {Cason, T.N. and Saijo, T. and Sjöström, T. and Yamato, T.},
  Journal                  = {Games and Economic Behavior},
  Year                     = {2006},
  Pages                    = {206-235},
  Volume                   = {57},
  File                     = {#F#}
}

@Article{Sjostrom2007,
  Title                    = {Secure Implementation},
  Author                   = {Saijo, T. and Sjöström, T. and Yamato, T.},
  Journal                  = {Theoretical Economics},
  Year                     = {2007},
  Pages                    = {203-229},
  Volume                   = {2},
  File                     = {#F#}
}

@Article{Smith73,
  Title                    = {Aggregation of {P}references with a {V}ariable {E}lectorate},
  Author                   = {Smith, J.},
  Journal                  = {Econometrica},
  Year                     = {1973},
  Pages                    = {1027-1041},
  Volume                   = {41},
  File                     = {#F#}
}

@Article{Spector2000,
  Title                    = {Rational {D}ebate and {O}ne-{D}imensional {C}onflict.},
  Author                   = {Spector, D. },
  Journal                  = {Quartely Journal of Economics},
  Year                     = {2000},
  Pages                    = {181-200},
  Volume                   = {115},
  File                     = {#F#}
}

@Article{Spru1995,
  Title                    = {Strategyproof collective choice in economic and political environments},
  Author                   = {Sprumont, Y.},
  Journal                  = {Canadian Journal of Economics},
  Year                     = {1995},
  Pages                    = {68-107},
  File                     = {#F#}
}

@Article{sprumont1991division,
  Title                    = {The division problem with single-peaked preferences: a characterization of the uniform allocation rule},
  Author                   = {Sprumont, Y.},
  Journal                  = {Econometrica},
  Year                     = {1991},
  Pages                    = {509--519},
  Publisher                = {JSTOR}
}

@Article{Sprumont1993,
  Title                    = {Intermediate {P}references and {R}awlsian {A}rbitration {R}ules.},
  Author                   = {Sprumont, Y.},
  Journal                  = {Social Choice and Welfare},
  Year                     = {1993},
  Pages                    = {1-15},
  Volume                   = {10},
  File                     = {#F#}
}

@Article{takamiya2007domains,
  Title                    = {Domains of social choice functions on which coalition strategy-proofness and Maskin monotonicity are equivalent},
  Author                   = {Takamiya, K.},
  Journal                  = {Economics Letters},
  Year                     = {2007},
  Number                   = {3},
  Pages                    = {348--354},
  Volume                   = {95},
  Publisher                = {Elsevier}
}

@InProceedings{Thomson10,
  Title                    = {Fair {A}llocation {R}ules},
  Author                   = {Thomson, W.},
  Booktitle                = {Handbook of Social Choice and Welfare},
  Year                     = {2010},
  Editor                   = {Arrow,K. and Sen, A. and Suzumura,K.},
  Publisher                = {North-Holland, Amsterdam, New York},
  File                     = {#F#}
}

@Article{thomson1993replacement,
  Title                    = {The replacement principle in public good economies with single-peaked preferences},
  Author                   = {Thomson, W.},
  Journal                  = {Economics Letters},
  Year                     = {1993},
  Number                   = {1},
  Pages                    = {31--36},
  Volume                   = {42},
  Publisher                = {Elsevier}
}

@Book{vDam,
  Title                    = {Stability and perfection of Nash equilibria},
  Author                   = {van Damme, E.},
  Publisher                = {Springer-Verlag},
  Year                     = {1991},
  Edition                  = {2nd},
  File                     = {#F#}
}

@Article{Vors,
  Title                    = {Size Approval Voting},
  Author                   = {Alcalde-Unzu, J. and Vorsatz, M.},
  Journal                  = {Journal of Economic Theory},
  Year                     = {2009},
  Pages                    = {1187-1210},
  Volume                   = {144},
  File                     = {#F#}
}

@Article{Web,
  Title                    = {Approval {V}oting},
  Author                   = {Weber, R.},
  Journal                  = {Journal of Economic Perspectives},
  Year                     = {1995},
  Pages                    = {39-49},
  Volume                   = {9},
  File                     = {#F#}
}

@Book{wicksell1896new,
  Title                    = {A new principle of just taxation. (Finanztheoretische Untersuchungen)},
  Author                   = {Wicksell, K.},
  Publisher                = {Jena: Gustav Fisher},
  Year                     = {1896}
}

@Article{Williams1986,
  Title                    = {Realization and Nash implementation: Two aspects of mechanism design.},
  Author                   = {Williams, S.R. },
  Journal                  = {Econometrica},
  Year                     = {1986},
  Pages                    = {139-151},
  Volume                   = {54},
  File                     = {#F#}
}

@Article{Wol2009,
  Title                    = {Fully {S}incere {V}oting},
  Author                   = {Wolitzky, A.},
  Journal                  = {Games and Economic Behaviour},
  Year                     = {2009},
  Pages                    = {720-735},
  Volume                   = {67},
  File                     = {#F#}
}

@Article{Yamamaura2013,
  Title                    = {{G}eneralized {A}verage {R}ules as stable {N}ash mechanisms to implement generalized median rules},
  Author                   = {Yamamura, H. and Kawasaki, R.},
  Journal                  = {Social Choice and Welfare},
  Year                     = {2013},
  Pages                    = {815-832},
  Volume                   = {40},
  File                     = {#F#}
}

@Article{Young1975,
  Title                    = {Social {C}hoice {S}coring {F}unctions},
  Author                   = {Young, P.},
  Journal                  = {SIAM Journal of Applied Mathematics},
  Year                     = {1975},
  Pages                    = {824-838},
  Volume                   = {27},
  File                     = {#F#}
}

